2534 3942
411 176 415 196 ‘
480 172 796 240 nantildam.
901 233 903 238 .
942 195 945 202 ’
1115 177 1136 238 9

134 343 196 406 Hie
215 340 333 425 placet,
362 343 500 421 angustis
521 341 604 422 qntd
626 360 738 422 equum
761 345 929 424 compescit
949 346 1095 408 habenis:
1140 399 1150 414 x

178 428 239 488 Hic
259 425 410 507 placidam
430 428 522 488 niveo
543 435 672 507 pectore
692 428 784 509 pellit
805 448 928 508 aquam:

134 511 212 590 Hie,
236 513 305 590 quia
322 512 414 572 fortia
432 510 521 572 adest
541 511 683 591 andacia,
705 515 806 594 cepit:
826 512 927 574 atilli

178 596 343 673 Virgineus
365 601 490 656 teneras
512 603 576 656 stat
593 595 694 676 pudor
714 605 786 658 ante
808 615 927 677 genas·

135 678 198 739 Sed
219 698 259 739 ne
281 686 312 740 te
334 681 474 760 capiant,
494 681 594 760 prima
614 681 641 741 si
662 683 745 741 forte
767 681 907 762 negabit,

177 762 309 824 Taedia:
331 763 479 844 paulatim
500 765 647 843 subiuga
668 763 749 826 eolla
770 765 866 828 dabit.

135 847 248 926 Longa,
265 846 331 909 dies
352 848 469 908 bomini
491 847 596 909 docuit
613 869 725 929 parere
743 849 870 929 leones,

175 932 284 1010 Longa
305 930 372 992 dies
389 930 475 993 molli
496 951 566 994 sana
585 933 711 1013 peredit
731 953 825 1014 aqua:
870 959 871 962 ¹
972 981 973 988 ι

1 1066 2 1070 ,
90 1075 93 1081 ,
134 1015 241 1076 Annus
262 1017 294 1076 in
316 1017 427 1096 aprteis
442 1025 578 1079 'maturat
598 1017 731 1080 callibus
750 1037 841 1097 uvas,
1091 1039 1106 1074 ι

177 1102 283 1160 Αιιιιιιι
304 1102 366 1179 agit
387 1108 471 1162 certa
492 1101 595 1165 lucida
617 1105 703 1182 signa
723 1105 799 1165 vice.
1102 1111 1136 1165 20

56 1252 57 1256 Ἰ
133 1182 200 1244 Nee
220 1185 322 1244 iurare
342 1185 433 1246 time:
453 1186 588 1248 Veneris
608 1189 745 1266 periuria
765 1187 851 1269 venti

177 1269 268 1328 irrita
287 1288 345 1349 per
366 1275 467 1330 terras
489 1277 522 1330 et
542 1270 625 1330 freta
645 1291 761 1330 summa
780 1272 896 1332 ierunt.

135 1351 242 1414 Gratia
262 1372 371 1432 magna
391 1354 468 1414 lavia
488 1355 588 1414 vetuit
607 1362 697 1433 pater
717 1356 785 1434 ipse
805 1354 926 1434 valere,

178 1435 313 1497 Iurasset
333 1437 446 1517 cupide
465 1436 612 1516 quiequid
632 1439 757 1518 ineptus
778 1454 878 1499 amora·

1 1559 2 1598 ι
133 1519 257 1598 Perque
276 1539 345 1582 suaa
366 1523 490 1601 impune
512 1522 587 1581 sinit
604 1521 758 1602 Dictynna
780 1523 906 1602 sagittas

5 1682 6 1686 Ἰ
175 1605 338 1680 Affirmes‚
360 1606 463 1666 crinea
484 1623 604 1685 perque
623 1607 765 1667 Minerva
785 1625 865 1668 suos.

1 1683 14 1750 3²'
134 1689 176 1750 At
197 1687 350 1750 aitardus
371 1691 451 1767 eris,
472 1691 607 1751 errabis:
628 1692 759 1752 transiet
779 1698 872 1752 aetas.

177 1773 273 1848 Quam
294 1775 354 1834 aito
374 1793 436 1834 nan
458 1775 561 1853 segnia
583 1780 644 1834 atat
664 1781 844 1856 remeatque
865 1773 947 1836 dies!

1 1915 2 1924 ,
134 1856 230 1934 Quam
251 1857 312 1918 etto
334 1877 509 1939 purpureos
529 1857 676 1939 deperdit
697 1865 782 1920 terra
797 1857 942 1938 'colorea‚

176 1942 273 2020 Quam
294 1943 355 2002 cito
375 1943 525 2004 formosas
546 1941 677 2025 populns
699 1943 762 2004 ulta
780 1944 895 2006 eomas!

5 2070 7 2079 .
134 2026 229 2104 Quam
248 2027 346 2105 iacet,
367 2028 507 2088 infirmae
528 2044 644 2089 venere
666 2029 719 2088 ubi
739 2028 803 2088 fata
823 2032 986 2107 senectae,

175 2110 234 2184 Qui
252 2111 340 2190 prior
361 2109 440 2172 Eleo
462 2118 512 2172 eat
532 2131 659 2172 camere
680 2114 790 2172 missua
812 2112 923 2192 equus!

5 2214 7 2267 ;
132 2192 207 2255 Vidi
227 2195 288 2252 iam
308 2195 466 2271 invenem,
486 2202 644 2274 premeret
666 2215 734 2255 eum
753 2197 854 2256 serior
874 2201 975 2273 aetas,

175 2276 370 2338 Maerentem
392 2276 504 2338 stultns
525 2280 726 2358 praeteriisse
747 2278 822 2341 dies.

99 2395 101 2402 ,
135 2358 289 2420 Crudeles
309 2358 386 2422 divi!
408 2379 538 2442 serpens
556 2381 651 2422 navus
674 2363 758 2422 exuit
779 2381 890 2424 annos:
941 2393 944 2406 ·

5 2509 6 2516 χ
176 2443 307 2504 Formae
328 2465 390 2506 nun
411 2444 505 2507 ullam
527 2446 590 2506 fata
611 2445 728 2506 dedere
747 2465 872 2508 maram.

134 2513 217 2589 Salis
238 2535 364 2590 aeterna
385 2537 434 2592 est
453 2530 581 2592 PImebn
601 2531 784 2608 Bneehuqne
805 2533 943 2592 iuventa:

175 2612 251 2672 Nam
275 2611 366 2674 decet
385 2617 525 2676 intonans
546 2615 642 2676 crinis
661 2623 825 2694 utrumque
846 2615 947 2678 deum.

134 2693 201 2773 Tu,
222 2714 320 2777 puero
343 2697 554 2778 quodcunque
568 2709 621 2760 tuo
642 2706 796 2780 temptare
817 2699 946 2780 libebit,
1022 2763 1028 2776 ,

176 2779 293 2843 Cedas:
314 2783 463 2861 obsequia
484 2782 617 2863 plurima
632 2786 729 2845 vineit
742 2804 845 2845 amur.

132 2865 201 2926 Neu
222 2884 324 2926 eomes
344 2867 392 2927 ire
412 2885 526 2946 neges,
550 2871 684 2946 quamvis
703 2871 751 2928 via
770 2868 862 2949 langa
879 2875 1007 2950 paretur

174 2949 217 3010 lit
238 2950 330 3012 Canis
352 2952 453 3012 urenti
474 2958 593 3012 torreat
612 2972 682 3012 arva
704 2954 773 3032 siti,

2 3098 3 3107 χ
135 3033 276 3110 Quamvis
297 3042 482 3116 praeterens
503 3037 591 3117 pinea
612 3036 773 3115 ferrugine
795 3033 913 3097 eaelum

167 3116 345 3180 ‘Venturam
368 3120 508 3181 adrnittat
528 3121 671 3182 imbrifer
693 3140 782 3182 araus
804 3139 921 3200 aquam.

7 3250 9 3260 .
134 3199 196 3263 Vel
216 3202 243 3261 si
264 3203 422 3266 eaernleas
441 3205 539 3285 puppi
556 3203 640 3266 volet
658 3205 707 3265 ire
727 3224 786 3286 per
806 3203 920 3283 undas,
1100 3214 1133 3267 45

176 3286 246 3366 lpse
264 3284 366 3350 levem
386 3307 473 3349 reme
493 3307 552 3369 per
571 3288 654 3348 freta
674 3287 760 3368 pelle
780 3295 887 3350 ratem.
990 3303 993 3309 ·

133 3369 199 3430 Nee
220 3375 253 3430 te
272 3373 429 3450 paeniteat
450 3372 543 3434 duros
563 3374 694 3433 subiisse
713 3372 839 3433 labores

176 3456 240 3515 Aut
259 3472 356 3536 opera
375 3459 511 3519 insaneta
533 3459 699 3518 atteruisse
719 3475 843 3535 manus,
