2534 3942
134 185 171 246 10
474 181 618 248 'llliULLI
639 186 706 249 llll.
722 184 744 247 l.
759 195 787 250 4.

131 353 216 432 Nec,
235 352 312 419 velit
332 351 453 414 insidiis
474 351 551 416 sitas
572 356 598 416 ri
621 352 766 415 claudere
784 352 896 434 velles,

174 439 252 498 Dum
271 438 410 518 placeas,
430 440 548 500 humeri
570 441 650 498 retia
670 439 756 499 ferre
777 445 901 517 negent.
1089 449 1123 502 50

132 521 165 582 Si
186 521 272 583 volet
292 541 391 600 arms,
408 522 470 583 levi
490 525 622 583 tentabis
643 521 752 582 ludere
773 522 896 583 dextre:

175 605 274 686 Siepe
297 605 383 666 dabis
404 605 532 685 nudum,
553 608 654 666 vincat
674 614 709 667 nt
724 599 801 683 ille,
823 607 912 666 lutus.

133 689 221 750 Tunc
242 691 300 750 tibi
321 691 403 751 mitis
425 693 501 770 erit,
522 692 621 770 rapias
640 695 704 750 tum
726 710 797 750 cern
816 690 926 752 licebit

174 773 301 834 Osculur
323 775 484 854 pugnabit,
505 773 560 836 secl
580 782 683 834 tumen
706 779 776 853 apte
797 773 891 834 dubit

130 857 228 939 Rupta
251 858 336 918 dubit
355 859 470 938 primo,
490 868 558 918 mon¹
578 859 690 918 sileret
710 859 777 938 ipse
798 860 941 938 regenti,
1088 870 1121 922 55

172 943 247 1004 l'ost
267 944 357 1002 etiam
378 940 461 1002 collo
484 962 517 1005 se
538 942 724 1023 implicuisse
744 941 837 1002 velet.

129 1027 200 1087 Ηαι
220 1026 298 1087 male
320 1046 400 1086 nunc
423 1034 505 1086 artes
526 1027 651 1086 miserus
671 1027 747 1086 hrec
765 1024 886 1087 saecula
904 1032 1051 1088 tractant:

173 1111 233 1170 lum
256 1117 347 1170 tener
368 1113 500 1170 assuevit
520 1128 646 1170 munem
667 1109 748 1170 velle
769 1129 855 1190 puer.

129 1196 172 1256 At
191 1201 260 1272 tua,
284 1196 335 1271 qui
357 1193 512 1256 Venerem
531 1194 662 1256 docuisti
684 1193 818 1255 vendere
838 1194 970 1275 primus,

141 1293 146 1304 ·
172 1279 316 1358 Quisquis
338 1297 388 1356 es,
408 1278 519 1339 infelix
539 1286 648 1356 urgent
666 1297 734 1338 osse
752 1277 841 1358 lepis.
1088 1287 1122 1341 60

7 1375 24 1430 ·,
130 1360 284 1440 Pierides,
305 1363 410 1442 pueri,
433 1361 541 1424 dcetcs
561 1369 595 1423 et
614 1369 711 1423 amate
732 1369 855 1443 peetus,

171 1447 274 1506 Aurea
294 1466 352 1507 nec
373 1454 520 1526 superent
541 1466 666 1507 munem
686 1445 836 1544 Pieqitlas.

131 1531 273 1592 Carmine
294 1549 449 1611 purpurea
471 1536 520 1591 est
540 1533 607 1592 Nisi
629 1549 728 1590 comer
751 1531 884 1592 crrminu
901 1529 934 1590 ni
955 1529 1032 1610 siut,

171 1615 218 1674 Ex
239 1615 366 1676 humero
386 1613 511 1695 Pelopis
532 1633 593 1675 non
614 1616 757 1675 nituisset
776 1616 862 1677 ebur.
1041 1685 1044 1693 ¹

129 1698 227 1776 Quem
247 1699 387 1758 referent
407 1699 531 1776 Musae,
552 1699 648 1776 vivet,
671 1697 741 1758 dum
761 1700 875 1759 rubere
894 1696 1018 1777 tellus,
1086 1707 1121 1762 65

170 1783 249 1842 Dum
270 1780 387 1842 caelum
410 1781 534 1859 stelles,
556 1781 626 1841 dum
644 1783 738 1842 vehet
758 1783 854 1842 amnis
875 1800 977 1860 squas.

129 1866 171 1927 At
193 1867 244 1944 qui
266 1885 327 1926 non
349 1863 434 1924 rudit
454 1867 575 1943 Muses,
599 1867 650 1942 qui
668 1865 775 1925 vendit
795 1883 946 1945 cruorem,

172 1948 280 2009 ldeese
302 1969 409 2009 currus
431 1949 486 2009 ille
509 1956 653 2028 sequetur
677 1949 753 2029 Opis
812 1935 820 1959 ¹

130 2033 172 2095 nt
190 2039 385 2094 tercentenus
407 2035 565 2093 erroribus
587 2031 710 2114 explent
731 2034 816 2094 urbis

170 2117 212 2179 Et
233 2125 319 2178 secet
340 2116 378 2177 ad
399 2116 550 2198 Phrygios
570 2117 643 2177 vilis
661 2118 799 2178 membre
819 2115 934 2178 medos.
1087 2125 1121 2181 ‘io

129 2200 290 2262 Blanditiis
309 2201 375 2262 vult
396 2220 465 2264 esse
487 2202 588 2263 locum
609 2201 714 2264 Venus
735 2203 815 2282 ipss:
834 2200 970 2280 querelis

171 2284 383 2369 supplicibus,
405 2287 525 2349 miseris
544 2287 670 2346 fletibus
688 2283 741 2346 illc
762 2286 866 2346 iuvet?
961 2311 964 2320 ¹

129 2369 215 2432 Haec
237 2373 327 2448 milri,
350 2391 426 2451 quae
445 2389 587 2432 cunerem
610 2370 712 2448 Titio,
733 2368 810 2430 deus
829 2369 930 2430 edidit
947 2387 1016 2430 orer

171 2454 235 2516 Sed
256 2456 372 2515 'litium
393 2457 523 2516 coniunx
544 2457 621 2515 haec
640 2455 815 2514 meminisse
836 2459 928 2516 vetet.

129 2537 242 2598 Pareat
260 2535 316 2598 ille
336 2557 426 2598 sure:
447 2559 500 2600 vos
522 2557 571 2598 me
593 2539 748 2599 celebrate
768 2538 961 2616 magistrum,
1087 2543 1121 2600 iu

103 2653 105 2660 ,
172 2622 254 2698 Quos
276 2619 355 2682 mele
376 2623 469 2683 habet
488 2620 593 2684 multu¹
605 2619 733 2683 callidus
755 2627 822 2681 erte
842 2640 930 2701 puer.

129 2704 237 2767 Gloria
248 2705 365 2784 ‚cuique
387 2725 440 2766 suc
458 2712 521 2765 estc
543 2723 608 2782 me,
630 2705 683 2783 qui
704 2712 905 2785 spernentur,
926 2709 1059 2766 amentes

171 2788 368 2851 Consultent:
390 2790 507 2850 cunctis
528 2790 618 2848 ianus
635 2793 741 2848 nostru
761 2796 856 2869 putet

130 2873 266 2954 Tempus
287 2873 364 2952 erit,
387 2893 454 2934 cum
475 2891 524 2933 me
545 2856 678 2946 Veneris
699 2880 865 2954 praecepte
884 2874 1037 2934 ferentem

169 2957 309 3018 Deducat
329 2957 469 3018 iuvenum
491 2955 599 3018 sedule
616 2956 707 3015 turbe
728 2975 843 3020 senem.
1085 2961 1121 3018 80

127 3041 198 3102 Heu
218 3042 280 3102 heu
303 3059 391 3121 quum
408 3041 566 3102 Marathus
584 3037 671 3100 lento
694 3057 743 3099 me
764 3045 890 3120 torquet
907 3039 1023 3100 smerei

169 3125 325 3186 Deficiunt
347 3130 447 3204 sites,
468 3124 678 3202 deficiuntque
700 3122 773 3184 doli.

127 3207 241 3288 Parce,
260 3228 355 3291 puer,
378 3228 507 3288 quaeso,
528 3227 567 3268 ne
587 3209 686 3288 turpis
706 3207 810 3269 fabule
828 3209 914 3288 lium,

170 3293 247 3354 oum
268 3287 336 3354 mes
356 3291 503 3355 ridebunt
523 3311 598 3353 vaus
610 3292 802 3370 magisteria.

521 3449 730 3465 *-
