2534 3942
370 173 513 236 TIBULLI
529 171 602 236 'uin
618 173 640 234 l
653 173 684 237 7.
698 183 724 236 8

38 315 190 426 Namque
212 346 318 425 opibus
340 350 484 421 congesta
502 346 564 404 tuis
585 344 651 402 bic
657 335 761 421 glcree
783 341 859 402 dure

90 432 270 506 Sternitur,
292 429 345 486 irie
365 433 435 506 apte
451 430 595 506 iungitur
613 433 680 486 orte
702 425 787 486 silex
1013 435 1049 491 60

44 517 105 576 Te
121 516 206 575 canit
225 509 372 590 agricole,
395 528 413 569 e
434 519 541 589 mogus
562 529 630 570 cum
651 511 773 570 uenerit
793 511 872 570 urbe
941 513 944 528 '

61 637 64 642 ι
93 599 190 658 Serus
213 597 396 656 inoffensum
417 593 639 674 rettuleritque
659 593 781 673 pedem.

47 685 91 744 At
104 689 166 759 -tu,
186 679 303 740 Natalis
325 677 436 737 multus
456 677 640 740 celebrande
660 696 719 757 per
740 696 850 756 annus,

94 763 269 828 Candidior
290 779 412 840 semper
434 761 653 840 candidiorque
673 761 752 822 reni.

506 974 598 1042 VIII.

50 1069 126 1167 Non
150 1121 210 1181 ego
230 1099 323 1162 celeri
343 1119 481 1180 pessum,
504 1100 578 1180 quid
599 1107 690 1160 nutus
712 1102 838 1160 umentis
961 1110 965 1123 “

96 1187 219 1264 Quidve
240 1185 342 1244 ierunt
363 1186 429 1244 miti
451 1184 535 1245 leuia
556 1187 649 1244 verba
670 1203 754 1246 sono.
809 1202 810 1210 ¹

50 1271 119 1331 Nec
141 1272 215 1332 mihi
234 1274 305 1328 suut
326 1276 427 1328 sortes
448 1287 506 1328 nec
528 1271 648 1328 conscia
667 1270 745 1329 fibra
765 1268 901 1344 deorum,

97 1355 253 1416 Praecinit
276 1360 405 1412 eventus
423 1371 482 1410 nee
504 1353 578 1410 rnibi
599 1359 704 1411 centus
725 1354 802 1412 uvis:
892 1363 895 1378 ¹

54 1439 122 1521 Ipsa
144 1439 249 1502 Venus
266 1437 381 1518 magico
403 1435 564 1537 religitnm
585 1437 709 1494 brachie
729 1435 811 1494 uodo
1031 1445 1047 1496 5

94 1523 266 1585 Perdocuit
287 1521 388 1580 multis
411 1539 472 1579 nun
494 1522 560 1578 sine
582 1520 772 1579 verberibus.

51 1609 167 1668 Desine
191 1603 400 1664 dissimulare·
420 1604 497 1664 deris
514 1601 670 1663 crudelius
692 1605 769 1680 urit,

95 1694 179 1766 Quos
202 1689 287 1748 videt
307 1689 418 1747 invitos
441 1689 634 1748 succubuisse
657 1689 725 1747 sibi,
814 1737 817 1742 ,

54 1773 135 1851 Quid
155 1775 213 1833 tibi
234 1791 313 1832 nuuc
332 1771 441 1832 molles
461 1773 589 1852 prodest
610 1771 742 1832 coluisse
764 1769 891 1874 capillos

97 1856 256 1936 Saepeque
276 1863 404 1916 mutatus
425 1855 612 1936 disposuisse
631 1875 747 1932 comus,
1016 1863 1047 1914 10

55 1941 135 2020 Quid
155 1942 225 2000 inco
248 1940 432 2020 splendente
444 1959 546 2034 genas
569 1959 694 2016 ornare,
718 1937 790 2018 quid
812 1955 930 2016 unpres

95 2026 231 2085 Artificis
254 2024 343 2084 docta
362 2011 554 2097 subsecuisse
574 2025 687 2083 manu?

53 2109 181 2168 Frustra
202 2109 261 2168 lam
281 2117 398 2185 vestes,
420 2109 537 2168 irustre
554 2115 709 2167 mutuutm
728 2107 872 2182 smicms,

29 2213 33 2236 ν
96 2193 239 2267 Ansaque
261 2209 451 2268 compressus
473 2189 593 2268 colligit
613 2189 801 2266 antepedes.

55 2271 109 2332 llla
128 2272 246 2352 placet,
270 2274 406 2350 quumvis
424 2271 685 2332 incultoveuerit
703 2290 759 2330 ure
831 2289 832 2295 ¹
1014 2277 1046 2334 15

98 2357 161 2414 Nec
182 2354 314 2416 nitidum
330 2353 417 2414 terds
440 2357 606 2434 compserit
623 2365 690 2413 arte
712 2361 811 2434 ceput.

58 2440 134 2499 Num
154 2446 186 2498 te
209 2440 406 2516 carminibus,
428 2457 499 2499 uum
519 2446 552 2498 tc
572 2437 756 2516 pellentibus
779 2439 886 2498 herbis

98 2523 224 2583 Devovit
240 2525 335 2583 tecito
350 2529 489 2604 tempore
510 2524 609 2582 uectis
629 2521 724 2582 eurus?

59 2608 171 2668 Cantus
192 2607 302 2666 ricmis
319 2607 423 2684 fruges
444 2607 580 2666 troducit
600 2607 638 2664 ab
656 2607 758 2685 ungs,

99 2692 211 2751 Cantus
233 2696 266 2750 et
285 2691 380 2748 Irutse
402 2691 521 2750 detiuet
543 2692 648 2768 unguis
667 2691 746 2766 iter,
785 2695 787 2700 ’
1013 2701 1048 2751 20

61 2775 170 2835 Cautus
192 2780 225 2834 et
246 2790 264 2833 e
286 2790 381 2832 eumn
399 2774 513 2833 bunum
531 2773 687 2834 deducere
707 2781 855 2854 temptet,

99 2861 137 2919 Et
158 2859 292 2934 iaceret,
314 2859 340 2916 si
359 2873 420 2916 non
442 2875 512 2916 sera
526 2858 651 2936 repulse
672 2864 792 2918 suueurt.

63 2941 138 3018 Quid
160 2961 273 3022 queror
294 2942 356 2999 beu
377 2943 495 3000 misero
510 2959 634 3000 curmen
646 2943 797 3018 nocuisse,
822 2940 896 3020 quid
911 2941 1046 3002 herbas?

62 3043 64 3050 ’
100 3026 205 3085 Forma
224 3025 301 3085 nihil
323 3025 445 3103 magicis
467 3025 563 3082 utitur
586 3023 722 3084 auritiisr

47 3107 123 3170 ·.Sed
142 3129 248 3189 corpus
267 3110 417 3186 tetigisse
425 3115 534 3184 nocet,
557 3108 612 3167 sed
630 3107 724 3185 louge
743 3107 867 3170 dedisw
1013 3114 1047 3169 25

103 3192 224 3269 Oscula,
246 3192 301 3252 sed
322 3194 433 3252 fernori
455 3193 649 3260 conseruisse
666 3192 775 3254 femur.

64 3278 123 3337 Nec
143 3282 176 3335 tu
196 3236 346 3336 difficilis
342 3295 448 3380 prrcqo
470 3285 572 3336 temen
592 3293 665 3336 esse.
680 3282 833 3336 memento

104 3361 315 3454 (Persequitur
334 3363 443 3440 poenis
464 3363 567 3420 tristis
585 3361 667 3420 facts
685 3360 822 3436 Venus),

67 3444 189 3504 Munere
206 3449 265 3504 nec
285 3463 409 3524 porcas:
428 3447 482 3508 det
501 3461 627 3506 munere
648 3461 781 3504 eunus
762 3448 895 3584 suusque,

105 3547 233 3588 rmumus.
