2534 3942
69 273 73 282 .
151 216 170 279 6
291 226 295 231 “
472 214 615 277 TIBULI'A
633 215 701 276 LIB.
717 215 739 278 1.
756 226 781 278 2.
797 225 823 282 3.

150 386 240 447 Hunc
262 405 356 468 puer,
378 386 462 446 hunc
480 386 599 446 iuvenis
620 387 710 446 turba
729 386 921 446 circumterit
942 391 1024 465 arta,
1113 391 1148 449 95

193 471 323 551 Despuit
344 472 376 530 in
398 469 508 532 molles
531 477 563 530 et
584 471 643 530 sibi
666 471 794 550 quisque
816 472 909 530 sinus.

150 555 193 616 At
213 557 288 616 mihi
306 575 416 637 parce,
436 555 557 618 Venus:
580 573 704 634 semper
724 557 783 615 tibi
804 555 909 615 dedita
931 555 1028 615 servit
1131 603 1133 614 .

192 640 283 700 Mens
304 638 482 720 mea:.quid
502 658 620 700 messes
639 641 703 700 uris
722 641 832 700 acerba
851 639 940 700 tuas?

545 785 751 795 ——n---

587 847 593 858 '
617 847 680 912 ΙΙΙ.

149 933 239 1026 ibitis
260 965 400 1043 Aegaeas
418 965 485 1026 sine
503 983 569 1042 me,
591 962 744 1042 Messala,
765 982 823 1044 per
842 961 957 1041 undas,

192 1050 218 1109 0
236 1049 358 1112 utinam¹
371 1066 523 1110 memores
542 1051 609 1129 ipse
629 1050 802 1128 cohorsque
823 1051 899 1109 meir

149 1135 204 1196 Me
223 1140 311 1193 tenet
330 1134 444 1211 ignotis
464 1151 587 1212 aegrum
609 1134 759 1194 Phaeacia
779 1131 889 1192 terris:

192 1217 355 1278 Abstineas
377 1216 496 1295 avidas,
518 1219 606 1278 Mors
625 1237 738 1298 precor
759 1223 840 1294 atra,
860 1221 976 1276 manus.

150 1303 329 1380 Abstineas,
352 1301 439 1362 Mors
462 1310 543 1380 atra,
565 1321 694 1382 precor:
721 1321 782 1362 non
804 1303 854 1362 hio
876 1303 951 1362 mihi
970 1306 1070 1361 mater
1131 1307 1147 1360 5

192 1388 277 1466 Quae
297 1385 381 1465 legat
401 1387 434 1446 in
455 1394 587 1448 maestos
610 1406 678 1448 orsa
699 1389 825 1466 perusta
845 1387 946 1464 sinus,

149 1471 219 1532 Non
240 1491 345 1548 soror,
367 1472 511 1550 Assyrios
533 1473 632 1532 cineri
654 1490 732 1551 quse
752 1469 846 1530 dedat
868 1465 990 1530 odores·

191 1557 233 1618 Et
251 1557 325 1616 fleat
347 1556 452 1618 effusis
475 1562 546 1616 ante
568 1554 711 1636 sepulcra
732 1557 843 1632 comis,

149 1641 239 1702 Delia
260 1660 322 1700 nou
343 1659 469 1718 usquam
479 1661 494 1715 3,
511 1659 588 1718 quae
609 1660 658 1701 me
681 1661 748 1700 cum
769 1642 909 1700 mitteret
929 1640 1021 1719 urbe,

192 1726 312 1784 Dicitur
333 1730 404 1784 ante
428 1743 532 1784 omnes
555 1724 746 1785 consuluisse
768 1724 852 1784 deos.
1115 1733 1149 1784 10
1261 1704 1263 1732 ἶ

149 1809 204 1874 Illa
227 1828 327 1868 ιιιιιι
347 1809 436 1888 pueri
458 1815 558 1868 sortes
579 1815 630 1889 ter
652 1807 791 1869 sustulit:
812 1807 861 1868 illi

191 1891 326 1956 Rettulit
346 1911 364 1953 e
384 1894 483 1952 triviis
506 1892 605 1952 omina
627 1900 720 1953 certa
734 1911 823 1973 puer.

151 1981 269 2058 (iuncta
291 1975 404 2036 dabant
425 1975 559 2036 reditus:
580 1984 684 2038 tamen
705 1985 754 2038 est
775 1976 926 2037 deterrita
946 1993 1116 2055 nunquam,

192 2063 274 2140 Quin
293 2062 386 2122 fieret
405 2068 525 2122 nostras
546 2063 802 2142 prospiceretqne
823 2063 895 2120 vias.

149 2151 219 2230 lpse
240 2166 297 2224 ego
320 2144 452 2224 solator,
476 2165 543 2206 cum
560 2147 619 2204 iam
638 2131 780 2207 madidata
802 2145 971 2227 dedissem,
1074 2207 1076 2210 ,
1114 2156 1147 2209 15

148 2270 150 2282 ·
192 2232 382 2309 Quaerebam
403 2227 507 2292 tardas
526 2232 629 2292 anxius
651 2250 749 2311 usque
771 2249 881 2291 moras.

149 2319 213 2379 Aut
234 2335 291 2394 ego
313 2333 378 2376 sum
391 2309 539 2376 'causatus
562 2335 631 2376 aver
653 2324 704 2378 aut
726 2317 825 2376 omina
845 2314 928 2396 dira,

193 2402 354 2462 saturnus
373 2419 489 2462 sacram
511 2419 560 2461 mc
582 2401 718 2462 tenuisse
740 2400 831 2461 diem.

151 2485 177 2546 0
201 2485 343 2564 quotiens
363 2486 519 2564 ingressus
541 2487 603 2546 iter
624 2487 698 2546 mihi
721 2487 823 2546 tristia
844 2482 907 2544 diri
1088 2531 1091 2539 ,

193 2570 351 2646 Offensum
371 2569 404 2628 in
422 2577 513 2648 porta
534 2571 619 2648 signa
641 2568 764 2629 dedisse
785 2566 912 2647 pedem!
1113 2578 1147 2631 ιο

150 2651 272 2718 Audeat
294 2654 447 2713 invitone
470 2655 537 2731 quis
560 2652 723 2713 discedere
742 2652 871 2723 Amore,

192 2738 255 2799 Aut
276 2739 354 2797 sciat
369 2755 530 2815 egressum
552 2756 585 2797 ιι
605 2737 793 2816 prohibente
817 2733 885 2798 deo.

151 2820 233 2902 Quid
250 2829 303 2882 tua
322 2841 403 2882 nunc
424 2820 480 2881 isis
499 2822 593 2899 mihi,
616 2819 723 2897 Delia,
746 2820 819 2900 quid
840 2823 915 2882 mihi
935 2827 1064 2904 prosunt

192 2906 247 2968 illa
268 2913 321 2966 tua
340 2907 456 2965 totiens
479 2925 550 2964 aera
571 2903 694 2986 repulsa
715 2924 824 2984 manu,
888 2955 891 2964 .

151 2989 285 3068 Quidve,
307 2991 358 3070 pie
380 2987 451 3049 dum
473 3009 559 3049 sacra
580 2987 674 3068 colis,
693 3007 834 3069 pureque
854 2989 948 3050 lavari
1113 2999 1147 3054 25
1251 2989 1254 2996 '

194 3075 242 3136 Te
265 3072 419 3152 (memini)
442 3079 474 3134 et
494 3094 571 3154 puro
594 3076 771 3134 recubuisse
792 3074 884 3134 toro?

151 3158 255 3238 Nunc,
278 3158 351 3235 dea,
372 3177 453 3220 nuno
474 3177 619 3220 succurre
641 3159 715 3220 mihi
737 3158 823 3236 (nam
844 3174 935 3237 posse
956 3149 1076 3220 mederi

193 3245 281 3304 Picta
301 3242 393 3303 docet
409 3242 536 3323 templis
558 3243 653 3304 multa
674 3241 790 3303 tabella
811 3241 905 3320 tuis),

151 3327 194 3389 Ut
215 3346 282 3387 mea
302 3329 416 3389 votivas
436 3326 614 3407 persolvens
636 3327 724 3388 Delia
744 3344 836 3386 voces
1007 3329 1010 3334 ’

195 3412 276 3473 Ante
294 3431 394 3473 sacras
412 3412 476 3473 lino
496 3419 579 3472 tecta
600 3413 686 3472 iores
708 3411 815 3471 redeat
1079 3416 1081 3424 ’
1113 3420 1148 3478 30

154 3495 266 3576 Bisque
288 3493 339 3556 die
360 3496 498 3558 resoluta
518 3516 619 3559 comas
641 3497 700 3557 tibi
721 3494 827 3564 dicere
846 3495 954 3560 laudes
