2534 3942
461 169 606 234 TIBULLI
626 173 693 234 LIB.
711 172 734 235 Ι.
748 183 775 237 2.

118 347 168 408 Tu
189 352 291 405 tamen
312 344 465 404 abstineas
487 339 571 402 aliis:
593 361 662 401 uam
685 347 790 403 cetera
812 349 921 404 cernet

160 430 282 490 Omnia:
301 427 341 488 de
360 447 409 488 me
430 445 490 486 uuo
512 427 658 486 sentiet
648 445 715 507 lpse
737 425 823 487 nibil.

119 512 208 598 Quid
222 511 368 574 credam?
387 527 499 589 nempe
518 510 595 570 haec
617 511 724 570 eadem
745 529 779 570 se
800 509 877 571 dixit
897 531 1016 574 amores

161 589 307 658 Cantibus
327 601 378 655 aut
397 595 503 656 herbis
525 592 646 654 solvere
668 613 759 676 posse
780 613 882 674 meos,
1077 607 1111 661 60

116 682 157 742 Et
178 700 226 741 me
246 679 389 740 lustravit
409 677 525 756 taedis,
548 686 580 738 et
600 687 693 739 nocte
715 696 826 739 serena

158 764 302 827 Concidit
323 762 362 832 ad
382 783 448 840 ma
434 765 514 822 vicos
536 763 636 823 hostia
656 761 742 842 pulla
764 761 847 824 deos.

11 899 17 911 ,
115 849 185 910 Non
205 868 242 925 eg
240 868 263 907 o
284 853 367 907 totus
389 848 512 906 abesset
533 865 632 924 amor,
654 847 709 907 sed
730 849 851 908 mutuus
871 853 968 931 esset,

159 934 308 1006 Orabam,
329 947 387 991 nec
409 937 441 990 te
461 949 553 1010 posse
573 948 681 991 carere
701 930 802 992 velim.
939 986 941 992 .

115 1017 251 1078 Ferreus
273 974 328 1075 ille
347 1015 422 1091 init,
442 1016 509 1094 qui,
531 1021 563 1074 te
585 1034 653 1074 cum
673 1023 779 1094 posset
798 1015 925 1094 habere,
1076 1027 1110 1080 65

158 1100 309 1162 Maluerit
329 1057 459 1178 praedas
481 1097 594 1159 stultos
615 1106 647 1158 et
669 1119 751 1160 arms
769 1099 866 1180 s'equi.

116 1184 176 1246 llle
194 1183 269 1245 licet
290 1182 420 1244 Cilicum
440 1184 536 1243 victas
559 1190 628 1261 agat
649 1193 720 1243 aute
742 1190 897 1262 catervas,

159 1269 257 1328 Ponat
277 1269 340 1327 et
330 1287 363 1328 ιιι
386 1275 475 1348 capto
498 1268 614 1327 Martia
635 1274 736 1327 castra
752 1266 839 1343 solo,

118 1352 216 1412 Totus
237 1357 269 1412 et
289 1358 431 1430 argento
439 1358 615 1428 contextus,
635 1358 718 1411 totus
740 1358 884 1438 etcum,
999 1362 1002 1372 “

158 1429 300 1496 Insideat
313 1432 411 1495 celeri
431 1435 666 1515 conspiciendus
688 1453 784 1514 equo,
1060 1439 1111 1500 'to

116 1521 185 1602 lpse
207 1521 301 1580 boves
321 1538 389 1579 mea
410 1520 437 1579 si
455 1526 558 1578 tecum
576 1518 667 1579 modo
690 1517 777 1578 Delia
797 1518 912 1597 possim

158 1604 289 1682 iungere
310 1603 373 1662 et
363 1621 396 1661 ru
415 1601 509 1662 solito
528 1621 656 1681 pascere
677 1610 787 1664 moute
802 1619 913 1682 pecus:

114 1689 158 1750 ut
179 1695 211 1748 te
231 1687 302 1746 dum
322 1685 417 1747 liceat
439 1688 556 1746 teneris
577 1689 714 1748 retinere
735 1686 878 1765 lacertis,

159 1769 266 1833 Mollis
289 1778 321 1831 et
339 1769 454 1830 inculta
475 1772 516 1831 sit
533 1772 607 1831 mihi
629 1791 750 1832 somnus
771 1770 872 1833 humo.
1057 1832 1061 1837 .

118 1855 200 1933 Quid
221 1854 316 1934 Tyrio
339 1857 488 1916 recubare
509 1861 578 1916 toro
600 1857 666 1916 siue
686 1873 788 1916 amore
806 1851 941 1916 secundo
1077 1865 1110 1920 75

159 1937 308 2017 Prodest,
331 1959 399 1999 cum
420 1940 497 2002 fletu
517 1959 576 2000 nox
596 1927 749 2019 vigilanda
769 1939 875 1999 reniti

116 2023 191 2084 Nam
212 2042 312 2102 neque
331 2031 396 2083 tum
415 2023 535 2103 plumae
556 2043 615 2085 nec
636 2023 770 2104 stragula
790 2023 872 2103 picta
891 2041 1033 2103 soporem

157 2108 224 2169 Nec
244 2109 362 2170 sonitus
382 2106 521 2187 placidae
543 2094 658 2169 du'cere
679 2112 785 2189 posset
807 2125 913 2185 aquae

116 2191 195 2252 Num
216 2191 349 2253 Veneris
370 2210 496 2269 megnae
517 2191 626 2252 violavi
647 2194 770 2252 numina
790 2191 903 2269 verbo,

157 2276 200 2334 Et
220 2292 288 2333 mea
307 2293 390 2334 nune
409 2293 524 2358 poenas
544 2277 637 2355 impia
653 2275 757 2355 lingua
776 2271 858 2334 lant
1076 2284 1112 2338 80

117 2357 196 2418 Num
217 2356 303 2417 icror
323 2349 459 2418 incestos
480 2356 571 2418 sedes
591 2357 703 2419 adiisse
722 2358 851 2420 deorum

160 2441 312 2520 Sertaque
333 2440 373 2501 de
391 2442 505 2502 sanctis
525 2441 689 2522 diripuisse
710 2442 810 2503 iocis‘i

116 2526 186 2588 Nou
206 2543 280 2602 ego,
301 2526 329 2584 ai
349 2527 463 2605 merui,
482 2525 620 2586 dubitem
636 2529 840 2607 procumbere
861 2524 1053 2610 templisz„

157 2610 201 2671 Et
221 2608 296 2669 dare
317 2611 443 2670 sacratis
465 2610 568 2673 oscula
587 2611 759 2690 liminibus,
1125 2685 1126 2688 Ἴ

116 2695 185 2756 Non
207 2713 264 2796 ego
283 2691 430 2754 tellurem
450 2696 578 2772 genibus
596 2714 767 2777 perrepere
788 2691 917 2775 supplex
1077 2704 1111 2757 85
1159 2705 1162 2716 “

158 2780 202 2841 Et
220 2779 366 2840 miserum
387 2784 492 2838 sancto
514 2779 646 2840 tundere
667 2787 757 2861 poste
780 2786 880 2859 capot¹

117 2863 159 2922 Aa
179 2869 230 2941 tu,
253 2864 304 2942 qui
323 2861 425 2924 laetus
445 2861 530 2922 rides
551 2863 630 2924 mala
651 2873 774 2940 nostra,
798 2870 903 2926 caveto

160 2947 235 3008 Mox
256 2948 329 3008 tibl:
348 2965 410 3006 nou
429 2965 506 3006 uous
527 2950 641 3008 saeviet
662 2967 759 3027 usque
781 2946 865 3009 deus.

19 3089 31 3106 ,
117 3029 192 3091 Vidi
214 3049 288 3109 ego,
310 3031 362 3111 qul
383 3032 525 3094 iuvenum
545 3033 675 3094 miseros
695 3031 821 3095 lusisset
841 3050 976 3111 amores,

159 3113 236 3174 Post
255 3115 388 3179 Veneris
410 3114 519 3178 vinclis
541 3116 674 3179 subdere
696 3117 776 3180 colla
796 3136 903 3180 senem
1077 3116 1113 3189 90

118 3197 160 3260 Et
181 3198 240 3257 sibi
260 3196 426 3261 blanditias
446 3199 577 3261 tremula
599 3221 783 3281 componere
803 3221 878 3264 voce

160 3281 203 3343 ut
221 3284 358 3344 manibus
380 3304 469 3346 cansa
489 3286 608 3364 lingere
626 3285 710 3347 velle
729 3306 843 3348 comas:

121 3364 212 3426 Stare
232 3383 291 3426 nec
312 3375 383 3428 ante
403 3367 488 3428 iores
508 3368 618 3449 puduit
638 3389 765 3432 caraeve
785 3368 907 3452 puellae

163 3448 317 3511 Ancillam
338 3451 440 3516 medio
462 3451 632 3518 detinuisse
652 3456 732 3518 foro.
