2534 3942
180 204 218 264 16
391 191 392 200 ¹
522 200 667 263 TIBULLI
685 203 752 264 blB.
768 203 792 265 l.
809 213 835 270 7.

178 368 281 447 ernlis
304 376 352 448 et,
375 375 497 430 orentes
519 390 586 430 oum
606 369 698 431 findit
716 373 818 435 Sirius
835 395 940 457 agros,

218 453 347 514 Fertilis
367 455 482 514 aestiuo
502 455 588 514 Nilus
611 455 745 517 abundet
768 463 867 538 aquo?

176 537 245 598 Nile
263 537 368 618 poter,
391 557 518 617 quonam
538 540 653 618 possim
675 547 708 600 te
730 541 835 604 dicere
858 563 946 606 causa

218 623 406 700 nocquinus
426 625 459 681 in
480 625 573 682 terris
595 622 766 685 occuluisse
788 629 901 709 caput?

177 705 225 766 'l'e
245 715 375 786 propter
395 705 498 766 nullos
519 704 611 765 tellus
632 713 685 766 tua
705 711 841 788 postulet
861 714 991 793 imbres,

219 789 314 850 Arida
334 808 391 850 nec
410 789 518 849 Pluuio
539 787 692 869 supplicat
711 793 808 854 herbo
828 796 899 857 lovi.

176 873 224 934 'l'e
244 876 325 934 canit
345 881 436 953 atque
457 891 542 932 suum
561 877 658 952 pubes
681 877 808 936 miratur
830 880 942 942 Osirim

218 958 369 1035 Barbare,
391 958 585 1037 Memphiten
605 957 755 1038 plangere
777 960 868 1020 docto
887 967 1003 1030 bovem.

174 1040 293 1102 Primus
316 1048 416 1100 aratro
437 1059 524 1100 manu
547 1039 669 1102 sollerti
690 1043 766 1102 fecit
787 1044 884 1105 Osiris

216 1127 258 1184 ut
277 1131 416 1185 teneram
428 1126 523 1210 ,ferro
545 1123 723 1186 sollicitavit
743 1127 882 1206 humum,

175 1210 295 1269 Primus
315 1211 494 1288 inexpertae
514 1210 667 1269 commisit
687 1211 802 1270 semino
823 1215 927 1272 terrae

216 1293 371 1372 Pomaque
391 1313 453 1352 ιιοιι
474 1295 556 1353 uotis
575 1291 653 1372 legit
673 1294 709 1353 ab
730 1295 898 1356 arboribus

175 1376 235 1437 Hic
257 1376 361 1437 docuit
382 1376 619 1458 tenerom'palis
641 1377 807 1456 adiungere
827 1381 936 1459 vitem,

216 1462 275 1521 Hic
297 1460 426 1521 viridem
448 1462 524 1522 dara
544 1461 675 1522 caedere
696 1461 777 1522 falce
799 1483 931 1525 comam:
980 1477 999 1500 ⁸

174 1543 224 1605 llli
243 1545 391 1606 iucundos
411 1548 541 1626 primum
563 1554 680 1608 motura
701 1565 827 1626 sopores

216 1630 369 1709 Expressa
389 1628 513 1690 incultis
535 1649 591 1690 uro
613 1629 700 1690 dedit
720 1630 861 1710 pedibus.

176 1711 232 1773 llle
252 1712 354 1791 liquor
378 1712 483 1772 docuit
501 1732 592 1773 voces
614 1715 775 1774 inflectere
796 1723 901 1792 cantu,

215 1796 314 1856 Movit
335 1801 366 1856 ei
388 1795 426 1854 od
448 1803 550 1856 certos
571 1798 674 1856 nescio
694 1799 830 1856 membra
850 1797 975 1876 modos,

175 1879 311 1939 Bacchus
333 1886 366 1940 et
387 1866 541 1957 agricolae
560 1897 669 1955 magno
693 1879 833 1938 confecta
853 1879 963 1940 labore

215 1964 346 2023 Pectora
365 1963 510 2036 tristitiae
531 1961 728 2022 dissoluenda
749 1961 845 2022 dedit.
1089 1991 1098 2023 ι
1132 1979 1167 2028 40
1237 2037 1238 2040 Ἴ

174 2047 310 2107 Bncchus
330 2051 369 2106 et'
382 2047 506 2106 afflictis
528 2047 666 2122 requiem
686 2046 865 2107 mortalibus
887 2047 994 2125 effert,

217 2130 314 2191 Crura
335 2130 411 2190 licet
434 2129 510 2190 dura
532 2129 679 2212 compede
699 2129 788 2212 pulsa
809 2139 928 2190 sonent.

173 2215 241 2276 Non
261 2217 315 2277 tibi
337 2223 408 2278 suut
427 2220 535 2278 tristes
556 2235 647 2276 curae
665 2235 726 2277 neo
746 2213 864 2293 luctus,
885 2215 982 2293 Osiri,

216 2302 278 2363 Sed
299 2305 410 2364 chorus
432 2311 464 2363 et
482 2310 587 2362 cantus
609 2309 641 2362 et
660 2300 738 2361 levis
760 2307 846 2380 uptus
869 2320 968 2378 amor,

1233 2211 1238 2280 ι

175 2386 237 2446 Sed
257 2388 332 2446 varii
351 2389 445 2447 flores
466 2394 499 2447 et
519 2387 605 2446 frons
628 2385 771 2445 redimito
793 2387 960 2464 corymbis,
1134 2394 1167 2446 45
1187 2433 1192 2446 .
1237 2431 1238 2486 p

214 2471 295 2530 Fusa
317 2470 372 2531 aed
393 2471 431 2530 nd
453 2479 583 2538 teneros¹
596 2468 681 2530 luten
700 2468 780 2548 polla
801 2466 897 2546 pedes

174 2554 215 2614 Et
235 2553 350 2632 Tyriae
371 2560 473 2614 vestes
494 2561 529 2614 ct
549 2552 646 2613 dulcis
667 2553 743 2612 tibio
763 2557 854 2610 cautu

216 2639 257 2696 Et
278 2635 355 2696 levis
376 2637 504 2697 occultis
523 2638 646 2696 conscia
665 2637 742 2695 cisto
762 2635 866 2702 sacris.

175 2722 243 2782 Huc
264 2719 338 2781 ades
358 2720 397 2781 ad
418 2728 539 2782 centum
560 2718 651 2778 ludos
672 2719 863 2796 Geniumque
882 2716 1008 2778 'choreis

217 2803 409 2867 Concelebra
430 2811 463 2864 et
481 2802 577 2862 multo
590 2809 739 2882 temporo
759 2802 854 2862 fonde
875 2819 976 2864 mero:
1134 2808 1167 2858 50
1237 2875 1238 2906 1

37 2945 41 2957 ,
98 2967 100 2973 ¹
175 2889 261 2951 illius
282 2895 315 2950 et
333 2888 432 2949 nitido
454 2887 576 2948 stillent
595 2891 750 2965 unguenta
769 2885 900 2967 eupillo,

217 2972 256 3034 Et
276 2975 375 3053 capite
398 2979 430 3033 et
451 2971 532 3032 collo
554 2969 659 3030 mollio
681 2978 764 3030 serto
785 2979 880 3049 geret.

177 3057 228 3119 Sic
249 3054 538 3119 venios'hodierne:
561 3057 618 3115 tibi
637 3054 706 3116 dem
727 3057 805 3114 tnris
827 3055 975 3128 honores,

218 3143 294 3203 Liba
313 3150 346 3204 et
366 3142 528 3222 Mopsopio
551 3138 650 3200 dulcio
672 3137 766 3198 melle
788 3139 894 3198 lemma

125 3243 128 3257 ·
178 3228 219 3289 At
238 3229 296 3287 tibi
317 3232 490 3288 succrescat
509 3224 626 3305 proles,
646 3241 723 3304 quac
745 3224 827 3283 lucto
845 3219 1008 3300 parentis
1079 3250 1082 3254 ·
1132 3224 1165 3278 tt
1198 3188 1210 3226 ’-

220 3312 338 3390 Augeat
359 3317 392 3371 et
413 3313 493 3372 ciret
514 3316 577 3370 stet
596 3305 769 3370 venerando
782 3322 903 3366 senem.

177 3395 241 3456 Nec
264 3401 364 3456 taceat
384 3401 579 3486 moopmente
598 3394 683 3470 vioe,
706 3409 795 3468 quem
817 3384 952 3476 Tusculo
971 3383 1066 3447 tellus

221 3479 419 3562 Dandidnque
440 3479 564 3559 antiquo
584 3474 704 3538 detinet
717 3473 803 3536 *Alba
823 3474 912 3534 Lare
