2534 3942
141 173 185 240 ὅ
231 232 237 247 Ι
451 167 613 269 ¹'PIBULLI
633 167 701 228 tie.
718 169 741 230 1.
757 179 782 234 3.
797 178 824 232 4.

190 341 308 418 Saevit,
327 343 359 398 et
381 339 440 399 huc
461 337 537 414 illuc
557 338 649 418 impia
669 337 760 398 turba
780 335 877 415 fugit:
1089 341 1143 404 ἰο

62 491 69 506 ,
149 427 237 487 Tunc
257 426 346 503 niger
365 423 397 484 in
418 428 508 503 perta
529 429 706 502 serpentum
728 419 884 482 Cerbereo
904 439 959 482 ore

191 505 309 569 Stridet
330 511 362 567 et
382 514 501 567 aeratos
523 507 652 568 excubat
673 510 743 565 unte
762 504 858 564 fores

149 591 217 656 illic
235 592 379 652 lunonem
399 598 550 671 temptare
569 590 681 652 Ixionis
703 589 767 650 ausi

190 677 361 740 Versantur
382 675 480 734 celeri
500 675 588 734 noxia
608 665 744 733 membra
762 678 844 750 rota,

147 762 376 838 Porrectusque
396 777 506 821 novem
527 757 637 838 Tityos
658 775 715 837 per
735 758 842 835 iu'gera
861 763 965 820 terrae

191 843 336 906 Assiduae
357 849 423 902 atro
444 843 563 902 viscere
583 843 681 921 percit
701 859 780 900 aveo.

122 977 124 984 ι
150 927 296 1002 Tantalus
318 924 469 1005 estillic,
492 931 524 986 et
545 927 658 988 circum
681 931 802 1002 stagna:
823 923 879 984 ned
900 944 1005 988 acrem

191 1014 252 1074 iam
266 1011 331 1088 iam
352 1011 456 1090 poturi
477 1009 595 1070 deuenit
613 1008 695 1069 unda
715 1008 813 1073 sitim:

148 1099 190 1160 Et
207 1083 302 1156 Danai
323 1093 443 1174 proles,
465 1094 597 1156 Veneria
619 1091 701 1173 qnod
722 1093 845 1152 numina
862 1091 971 1172 laesit,
1051 1105 1055 1116 ·

191 1181 225 1240 ln
247 1198 318 1239 cava
338 1178 489 1239 Lethaeas
506 1176 593 1238 dolia
614 1183 719 1258 portat
739 1194 841 1256 aquas.

149 1263 216 1326 Illic
235 1255 291 1340 ait,
310 1263 486 1341 'qnicunque
507 1279 592 1322 meos
611 1260 735 1321 violavit
751 1279 907 1339 amores,

191 1347 316 1428 Optavit
336 1345 442 1406 lentas
454 1353 488 1406 et
506 1347 590 1406 mihi
602 1344 736 1406 militiae.

149 1431 191 1493 At
211 1437 246 1493 tu
266 1436 349 1491 cesta
369 1449 482 1512 precer
500 1448 638 1507 maneae,
664 1429 824 1508 cunctique
843 1427 998 1510 pudoris

191 1514 334 1578 desideat
355 1522 456 1576 custos
475 1513 583 1576 sedula
604 1533 726 1594 semper
748 1533 832 1574 anus.

149 1600 234 1661 Haec
251 1599 310 1659 tibi
331 1598 461 1659 fabellas
481 1598 599 1659 referet
618 1596 946 1677 positaquelucerua

190 1681 329 1745 Deducat
348 1680 441 1762 plena
461 1683 589 1744 stamina
605 1679 697 1758 longa
719 1680 804 1758 cole,

149 1770 197 1830 Ac
218 1769 300 1827 circu
316 1767 456 1844 gravibus
476 1766 580 1846 pensis
601 1765 690 1824 affixa
710 1762 814 1843 puella

192 1849 342 1914 Paulatim
364 1869 469 1910 somne
490 1850 573 1908 ferae
593 1849 732 1908 remittat
751 1867 837 1928 opus.

151 1935 231 1997 Tum
251 1935 369 1995 veniam
391 1934 508 2011 subito,
530 1950 588 1992 nec
612 1932 769 2010 quisquam
790 1933 911 1994 nuntiet
932 1939 1017 2012 ante,

193 2016 257 2081 Sed
276 2016 382 2078 videar
400 2016 485 2077 caelo
507 2017 615 2076 misena
637 2015 744 2076 adesse
765 2017 832 2078 tibi.

152 2103 240 2164 Tunc
258 2102 348 2179 mihi,
371 2100 469 2180 qualis
491 2101 570 2179 eris,
590 2099 699 2178 longos
719 2101 842 2162 turbata
861 2099 1007 2182 capillos,

193 2187 289 2248 Obvia
309 2183 438 2264 nudato,
460 2184 564 2263 Delia,
585 2202 676 2244 curre
696 2181 787 2264 pede

150 2271 218 2332 Hoc
236 2289 365 2350 precor,
383 2269 464 2330 hunc
485 2269 572 2329 illum
590 2269 678 2328 nobis
696 2269 819 2330 Aurora
837 2271 988 2330 nitentem

192 2355 369 2415 Luciferum
390 2355 489 2415 roseio
510 2351 638 2414 candida
659 2358 765 2433 portet
783 2354 882 2433 equis.

549 2495 754 2508 ——n-—t—n-

619 2561 681 2628 IV.

155 2644 231 2740 eSic
252 2681 393 2740 umbreae
414 2679 473 2740 tibi
494 2681 674 2759 contingant
694 2684 788 2756 tecta,
810 2677 940 2758 Priape,
1053 2737 1055 2746 ,

193 2765 240 2828 Ne
261 2765 353 2844 cupiti
375 2762 473 2840 aclea,
495 2783 537 2825 ne
554 2769 746 2842 noceantque
767 2764 868 2823 nives:

153 2851 238 2927 Quae
259 2854 312 2908 tna
333 2849 484 2909 formosos
506 2848 590 2928 cepit
610 2845 776 2920 sollertia?
792 2853 879 2906 certe

194 2933 262 2994 Non
282 2932 340 2993 tibi
360 2933 454 2992 barba
475 2933 570 3006 nitet,
590 2951 652 2992 nou
673 2932 730 2998 tibi
746 2929 835 2991 'culta
854 2949 939 2990 come
960 2934 1027 3008 eet„
1091 2939 1092 2954 ¹

152 3017 257 3080 Nudus
277 3023 310 3076 et
327 3016 476 3078 hibernae
496 3015 640 3095 producis
660 3016 777 3094 frigora
796 3015 935 3091 brumae,

195 3100 299 3161 Nudus
321 3106 354 3160 et
374 3101 481 3178 aestivi
501 3107 640 3180 tempora
662 3101 743 3160 sicca
765 3097 878 3158 Canis’

154 3185 205 3245 Sic
226 3203 299 3262 ego:
320 3190 384 3244 tum
405 3184 517 3247 Bacchi
535 3181 697 3262 respondit
716 3183 831 3242 rustica
852 3177 973 3260 proles,

196 3270 339 3328 Armatur
360 3288 450 3327 curva
472 3268 516 3326 eie
536 3267 611 3326 mihi
629 3264 711 3326 falce
731 3265 816 3324 deus.

154 3352 200 3413 0
222 3352 293 3430 iuge
313 3343 347 3412 te'
365 3359 493 3412 tenerae
513 3367 678 3430 puerorum
698 3347 827 3408 credere
847 3348 971 3407 turbae.

194 3435 270 3496 Nam
292 3454 410 3496 caueam
431 3435 503 3494 iusti
524 3450 647 3512 semper
668 3432 780 3490 amoris
799 3431 923 3492 hubent.
