2534 3942
204 134 245 252 io
459 285 463 300 x
530 187 675 252 'iIBULLi
695 187 762 252 Liii.
780 189 829 252 IV.
845 202 870 256 1.

203 357 269 419 Neo
291 358 413 436 quaeris
433 355 507 438 quid
530 375 651 437 quaque
671 356 765 420 iudex
786 361 841 420 rob
862 359 995 440 imagine
1018 359 1116 441 dicat,
1166 374 1205 430 30

205 440 268 503 Sed
287 444 409 521 generi
420 434 549 523 *pricoa
572 441 734 504 contendis
753 445 879 506 vincere
900 445 1052 524 honores,

205 527 300 602 Quam
320 528 376 586 tibi
398 528 528 587 maiorer
549 527 645 586 maino
665 525 759 588 decue
779 529 847 607 ipae
867 527 995 588 iniuria:

203 609 246 670 At
266 617 318 670 tua
338 630 400 670 uon
420 610 530 670 titulus
549 612 651 690 capiet
672 613 728 673 nub
751 612 992 690 domiminum,

203 694 341 755 Aeterno
363 693 420 754 sed
441 703 533 755 erunt
552 695 610 756 tibi
631 713 738 772 magno
758 687 912 756 volumina
931 715 1040 776 versu,

204 779 457 856 Convenieutque
478 785 545 840 toea
567 777 671 858 cupidi
693 777 879 858 componere
899 779 1008 841 lauden
1167 793 1202 846 35

202 861 348 942 Undique
371 866 485 943 quique
507 869 619 923 canent
639 863 742 923 vincto
763 861 845 942 pede
866 865 980 942 quique
1002 862 1115 925 roiuio.

203 948 278 1022 Quis
298 948 418 1026 potior,
440 953 595 1007 certarnen
616 947 695 1006 erite
718 947 775 1005 aim
793 949 892 1008 victor
912 950 945 1007 in
966 946 1048 1027 iilis,

203 1030 399 1092 Ut'noattum
419 1032 513 1090 tentia
535 1031 699 1090 inscribam
721 1048 832 1090 nomen
852 1033 884 1091 in
905 1033 1007 1092 actis„

245 1115 320 1173 Nam
342 1114 409 1192 quis
430 1120 462 1174 te
483 1115 598 1174 maiora
619 1115 700 1193 gerit
721 1115 867 1176 castrisue
887 1115 1020 1176 iorove‘i

201 1198 267 1259 Nec
286 1203 387 1258 tamen
407 1199 458 1258 iric
480 1206 531 1260 aut
551 1199 602 1258 iric
623 1199 680 1258 tibi
699 1197 765 1258 ieua
786 1201 920 1260 maiorve
939 1201 1094 1279 minorve,
1166 1208 1202 1262 40
1241 1235 1242 1282 q

201 1281 283 1344 iusta
303 1283 370 1362 pari
391 1285 542 1362 premitur
563 1280 660 1344 veluti
682 1301 749 1342 oum
771 1282 910 1364 pondere
931 1282 1029 1362 libre,

201 1367 304 1427 Prona
325 1385 383 1428 nee
401 1368 459 1430 huo
477 1367 547 1448 pius
565 1375 655 1447 parte
676 1365 765 1427 cedet
786 1386 844 1428 ιιι
865 1369 964 1447 surgit
985 1370 1023 1428 ab
1042 1365 1115 1446 illa,

201 1449 323 1528 Qualia,
346 1452 541 1530 inaequatum
553 1453 590 1512 'si
610 1448 730 1530 quaudo
752 1471 829 1513 ouua
850 1453 1125 1532 organumque,

201 1534 355 1598 instabilis
376 1543 462 1597 natat
482 1535 603 1598 alterno
626 1533 804 1615 depressior
825 1539 911 1596 orbe.

242 1617 318 1680 Nam
336 1638 390 1680 ιιι
413 1619 527 1682 diversi
545 1621 658 1679 fremat
677 1620 882 1680 inconstantia
902 1620 1002 1700 vulgi,
1163 1631 1199 1682 45

200 1703 270 1764 Non
291 1702 368 1765 aliut
391 1704 501 1764 sedare
522 1711 629 1783 queat:
651 1721 706 1763 ιιι
724 1703 835 1764 iudioir
855 1706 902 1764 ira

202 1788 249 1848 Sit
270 1785 433 1867 placanda,
457 1790 517 1848 tuin
536 1789 655 1868 poterit
674 1789 839 1848 mitescere
859 1790 970 1848 verbis.

201 1872 268 1932 Non
291 1871 384 1952 Pyior
406 1878 458 1932 aui
478 1872 582 1931 ithace
602 1875 706 1930 tanton
728 1873 870 1949 genuisse
891 1873 1035 1934 feruntur

200 1957 332 2016 Nestora
351 1953 402 2016 vel
422 1974 533 2036 parvae
553 1973 693 2033 magnum
713 1953 807 2016 decu·
828 1956 914 2016 urhis
935 1956 1063 2033 ΙΠίιιι,

204 2041 326 2104 Vixerit
346 2037 402 2100 ille
422 2057 516 2102 neuen
538 2041 688 2120 quamvis,
711 2037 784 2122 dum
804 2046 894 2100 terna
915 2059 973 2122 per
994 2044 1097 2102 orbem
1164 2052 1200 2103 50

201 2123 330 2186 Saecula
349 2123 505 2186 fertilibus
526 2123 620 2185 Titan
641 2123 825 2185 decurreret
845 2126 947 2199 horis,

200 2208 256 2270 iiie
276 2228 334 2289 per
354 2210 473 2289 ignotas
495 2209 591 2270 audax
612 2210 764 2269 erraverit
784 2211 893 2287 urbes,

199 2294 267 2371 Qua
287 2295 378 2354 maria
399 2295 543 2355 extremis
564 2291 659 2355 tellus
679 2292 848 2354 includitur
868 2292 966 2354 undio.

199 2379 275 2438 Nam
296 2380 505 2460 Ciconumque
525 2397 630 2440 manus
651 2377 788 2440 adversio
809 2377 946 2458 reppulit
964 2378 1071 2455 armis,

199 2462 264 2524 Nec
285 2462 379 2524 valuit
399 2462 482 2525 lotor
503 2470 632 2542 coeptos
649 2469 791 2523 avertere
812 2479 932 2539 curam,

200 2546 303 2607 Ceaait
324 2555 356 2609 et
377 2549 534 2609 Aetnaeae
553 2547 724 2627 Neptunius
744 2542 845 2604 incola
864 2547 950 2624 nupia

103 2673 105 2682 ι
198 2630 290 2694 Victa
307 2632 456 2692 Maroneo
477 2629 619 2692 foedatus
639 2628 754 2689 lumina
773 2627 907 2688 Bacchoa

197 2714 292 2778 Venit
312 2719 345 2774 et
365 2713 491 2774 Aeolion
511 2711 664 2794 piacidum
684 2729 743 2793 per
762 2711 864 2774 Nerea
882 2719 1003 2776 ventos:

200 2796 335 2859 incultos
359 2798 435 2860 adiit
453 2800 677 2876 Laestrygonas
698 2797 966 2877 Antiphatenque,
1094 2807 1099 2816 '

199 2866 318 2944 iiiobilis
338 2883 464 2943 Artacie
485 2880 588 2961 gelida
609 2900 686 2962 quoa
706 2883 816 2962 irrigat
836 2881 933 2942 unda:
1162 2893 1196 2948 60

199 2966 305 3028 Solum
324 2985 381 3027 nec
403 2967 512 3028 doctae
530 2973 693 3027 verterunt
712 2964 823 3047 pocula
836 2967 969 3043 Circes,

68 3119 72 3128 ,
199 3052 340 3131 Quamvis
360 3050 416 3112 ilia
435 3053 519 3126 foret
541 3050 621 3112 Son·
643 3069 754 3131 genua,
776 3057 846 3130 apta
865 3049 915 3109 vei
937 3047 1043 3109 herbis

197 3137 340 3217 Aptaque
360 3136 411 3198 vei
429 3144 519 3198 cantu
541 3142 663 3198 veterer
684 3142 802 3196 mutare
819 3135 947 3212 iiguraar

199 3222 385 3282 Cimmerion
406 3223 500 3283 etiam
520 3221 664 3282 obscurae
684 3220 814 3280 accersit
835 3216 873 3276 ad
893 3218 989 3298 arcia,

199 3308 273 3383 Quia
293 3321 446 3390 nunqnam
467 3304 618 3368 condente
637 3303 703 3365 dies
723 3302 863 3384 apparuit
878 3308 959 3381 ortu,

199 3390 261 3450 Seu
281 3408 373 3471 aupra
393 3399 494 3454 terrae
515 3389 659 3450 Phoebus
678 3407 732 3450 reu
754 3394 895 3448 curreret
915 3389 1011 3450 inira:

198 3473 300 3554 Vidit,
318 3483 354 3537 ut
374 3477 497 3538 inferno
517 3474 658 3536 Plutonis
679 3471 803 3534 subdita
821 3487 917 3550 regno
