2534 3942
161 221 182 281 4
505 203 819 286 andnumans.
868 219 876 226 ·

160 387 218 450 illa
237 391 303 449 viru
325 408 429 450 curum
447 395 539 450 nutus
559 389 704 449 conferre
724 387 870 468 loquaces

202 471 378 553 Blandaque
401 475 577 554 cumpositis
594 472 709 534 abdere
729 473 823 533 verba
844 475 935 536 notis.

159 557 224 618 Nec
246 556 337 626 docet
357 559 417 618 hoc
438 559 552 636 omnis,
574 555 631 617 sed
650 576 725 636 quus
743 575 802 617 nec
822 559 935 618 inertia
956 557 1059 620 tardat

200 639 264 702 Nec
285 647 368 702 vetat
391 637 520 702 obscura
538 659 666 720 surgere
687 648 779 703 nocte
800 643 903 705 timor.

92 744 93 750 ¹
158 725 207 787 En
228 745 285 806 ego
307 746 375 786 cum
395 727 533 786 tenebris
554 731 620 785 tuta
638 745 731 805 vagor
751 727 856 786 anxius
877 729 971 800 urbe,

157 894 222 954 Nec
246 895 319 954 sinit
340 900 482 954 occurrat
503 894 678 972 qnisquam,
701 895 753 973 qui
774 913 905 974 corpora
923 894 1010 954 ferro
1094 893 1098 900 ’
1119 905 1151 956 25

199 978 351 1042 Vulnerat
371 986 423 1037 aut
443 985 531 1058 rapta
549 979 685 1058 praemia
706 985 792 1038 veste
810 985 905 1058 petat.

157 1063 300 1141 Quisquis
322 1079 425 1121 amore
446 1068 588 1141 tenetur,
610 1068 660 1122 eat
680 1066 826 1140 tutusque
847 1081 996 1140 sacerque

199 1145 358 1224 Qualibet:
378 1145 506 1207 insidias
527 1165 589 1205 non
608 1146 746 1206 timuisse
767 1144 868 1204 decet.

156 1231 224 1291 Non
243 1231 318 1289 mibi
337 1231 425 1309 pigra
446 1237 560 1290 nocent
577 1231 726 1294 hibernae
747 1229 864 1306 frigora
885 1231 1002 1308 noctis,

163 1343 164 1352 ι
197 1314 266 1375 Non
286 1315 376 1390 mihi,
398 1333 466 1374 cum
488 1313 583 1374 multa
604 1313 721 1373 decidit
741 1315 840 1372 imber
862 1332 947 1391 aqua.
1117 1323 1151 1376 30

155 1397 222 1458 Non
245 1397 333 1458 labor
354 1400 405 1458 hic
424 1397 537 1476 laedit,
559 1404 681 1459 reseret
699 1397 789 1457 modo
811 1395 899 1456 Delia
919 1403 1025 1478 postes

179 1483 238 1542 ‘nt
258 1488 347 1543 vocet
370 1482 407 1552 ad
430 1481 518 1562 digiti
539 1501 588 1544 me
609 1483 762 1544 taciturna
783 1500 899 1542 sonum.

154 1565 277 1626 Parcite
297 1565 478 1644 luminibus,
500 1585 554 1627 seu
575 1568 622 1626 vir
644 1586 699 1626 seu
720 1567 834 1626 femina
855 1566 909 1625 fiat

198 1650 309 1710 Obvia:
331 1649 428 1710 'celari
449 1650 513 1711 vult
534 1671 587 1710 sua
608 1651 690 1710 furta
708 1651 823 1712 Venus.

154 1734 220 1794 Neu
240 1734 372 1813 strepitu
393 1740 512 1795 terrete
531 1735 660 1813 pedum,
680 1751 740 1793 neu
761 1735 901 1812 quaerite
919 1751 1046 1811 nomen,
1115 1741 1148 1794 35

195 1817 263 1877 Neu
284 1836 382 1898 prope
403 1817 534 1896 fulgenti
555 1817 670 1877 lumina
690 1818 772 1878 ferte
791 1813 868 1877 fac'e.

154 1901 257 1981 Siquis
277 1908 309 1962 et
329 1901 505 1981 imprudens
528 1903 696 1981 aspexerit,
719 1899 839 1960 occulat
857 1899 915 1961 ille

195 1987 318 2064 Perque
341 1985 415 2047 deus
437 2004 542 2046 omnes
563 2004 597 2045 se
617 1986 792 2045 meminisse
813 1995 923 2062 neget:

153 2069 228 2130 Nam
250 2071 346 2130 fuerit
368 2071 541 2150 quicunqne
561 2069 689 2148 loquax,
711 2070 737 2130 is
758 2072 904 2148 sanguine
926 2075 1042 2144 numm,

158 2159 163 2168 “
195 2155 223 2214 ls
245 2155 398 2217 Venerem
421 2173 439 2215 e
460 2152 567 2235 rapido
590 2155 705 2214 sentiet
727 2172 796 2213 erse
818 2156 904 2218 mari.
1114 2166 1147 2215 ιο

153 2238 218 2298 Nec
238 2244 339 2300 tamen
361 2240 432 2299 huic
454 2238 563 2299 credet
584 2240 715 2298 coniunx
736 2246 822 2316 tuns,
843 2244 878 2299 nt
898 2239 973 2298 mihi
995 2257 1085 2298 verax

153 2333 155 2340 ’
195 2321 338 2384 Pollicita
360 2329 408 2384 est
428 2325 544 2402 magico
567 2341 637 2402 saga
658 2324 838 2398 ministerio.

32 2433 33 2436 ¹
154 2407 241 2478 Hanc
262 2425 320 2484 ego
342 2407 382 2467 de
403 2407 488 2468 caelo
511 2407 673 2468 ducentem
695 2407 798 2467 sidera
818 2405 899 2484 vidi,

194 2490 345 2555 Fluminis
363 2492 440 2552 haec
460 2491 561 2571 rapidi
582 2493 716 2552 carmine
734 2492 829 2551 vertit
847 2492 925 2566 iter,

153 2574 238 2634 Haec
260 2581 349 2634 cantu
366 2573 517 2653 finditque
538 2575 635 2636 solnm
653 2575 824 2653 Manesque
847 2573 998 2655 sepulcris
1112 2584 1146 2634 45

195 2656 292 2718 Elicit
312 2667 344 2717 ct
364 2658 470 2738 tepido
493 2658 621 2718 devocat
642 2678 710 2718 ossa
728 2676 820 2738 rogo:

130 2752 132 2762 '
153 2743 214 2802 lam
237 2748 325 2801 tenet
343 2743 480 2802 infernas
501 2743 619 2820 magico
641 2739 777 2803 stridere
798 2749 952 2821 catervas,

195 2826 256 2887 Iam
277 2826 363 2886 iubet
384 2843 522 2906 aspersas
543 2826 624 2887 lacte
643 2827 767 2898 referre
789 2827 911 2908 pedem.

155 2911 231 2972 Cum
251 2908 350 2986 libet,-
363 2911 440 2970 haec
461 2912 551 2972 tristi
566 2908 699 2991 depellit
718 2912 823 2972 nubila
844 2911 948 2972 caelo:

196 2996 272 3055 Cum
292 2992 386 3071 libet,
407 2995 521 3080 aestivo
542 3001 688 3056 convocat
710 2999 784 3056 orbe
807 2998 901 3056 nives.
1112 3005 1147 3055 50

154 3075 227 3138 Sola
246 3086 356 3137 tenere
377 3076 470 3138 malas
491 3079 623 3140 Medeae
645 3079 758 3140 dicitnr
778 3081 906 3156 herbas,

195 3160 269 3222 Solu
287 3161 371 3221 ierus
394 3163 530 3223 Hecatae
548 3164 760 3244 perdomuisse
780 3179 880 3222 canes.

152 3245 238 3306 Haec
258 3246 333 3306 mibi
351 3247 520 3326 composuit
541 3255 662 3325 cantur,
687 3249 753 3325 quis
773 3244 885 3306 fallere
905 3264 1025 3326 posses:

196 3329 261 3390 Ter
282 3348 372 3409 cane,
392 3336 443 3390 ter
465 3329 555 3391 dictis
576 3331 692 3411 despue
709 3330 922 3412 carminibus,

152 3411 209 3475 llle
228 3412 317 3492 nihil¹
329 3415 445 3495 poterit
467 3413 505 3474 de
525 3416 613 3474 nobis
635 3414 766 3474 credere
787 3415 942 3494 cuiquam,
1110 3427 1145 3488 55

194 3497 263 3559 Nun
283 3498 357 3577 sibl,
377 3500 403 3559 si
423 3499 457 3558 in
477 3496 567 3558 mulli
585 3496 698 3558 viderit
715 3500 782 3578 ipse
805 3506 883 3561 tere.
929 3525 934 3532 ·
