2534 3942
302 153 445 243 'rlssulul
457 158 669 240 (1111111111)
691 159 760 220 llll.
774 159 825 222 111.
840 169 867 223 4.
1036 159 1079 220 ’311

551 365 609 432 IV.

87 458 145 551 liii
167 483 296 546 meliora
316 483 435 562 lerant,
456 502 514 543 nee
536 484 599 543 sint
616 484 765 544 insomnia
786 501 875 561 vera,

132 569 216 648 Quae
236 566 310 628 tulit
329 568 476 626 heaterua
496 569 629 647 pessima
649 576 741 628 nocte
763 569 857 646 quies.

91 655 137 716 lte
158 650 285 734 procul,
304 651 389 724 vani,
410 648 581 727 falsumque
603 653 734 710 avertite
755 653 867 712 visumz

132 733 302 798 Desinite
292 753 324 794 ιιι
346 733 435 808 uobis
458 752 607 812 quaerere
628 733 709 794 velle
730 733 832 794 fidem

89 822 159 884 Divi
179 839 252 881 vera
272 822 414 893 mouent,
432 825 578 878 venturae
599 820 706 878 nuntia
724 820 816 878 sortia
1067 827 1082 878 5

132 905 217 968 Vera
237 905 364 964 mouent
386 901 495 962 Tuscia
517 909 586 962 exta
606 903 734 985 probata
755 903 843 962 viria·

91 988 215 1052 Somnia
234 983 352 1046 fallaci
360 982 471 1052 ludunt
492 987 656 1046 temeraria
676 993 768 1046 nocte
812 1019 823 1037 ι

132 1073 176 1133 Et
195 1065 318 1150 pavidas
336 1075 455 1130 mentes
476 1068 554 1130 salua
575 1070 686 1130 timere
708 1069 832 1154 iubent,

90 1157 133 1219 lit
153 1161 256 1214 natum
276 1154 307 1212 iu
329 1171 416 1213 ouras
437 1153 592 1214 hominum
613 1172 708 1234 genus
730 1155 829 1234 omina
849 1153 948 1214 noctia

134 1237 231 1298 Ferre
251 1237 302 1318 pio
323 1233 446 1317 placant
467 1244 500 1297 et
519 1236 649 1298 saliente
670 1233 743 1298 sale

93 1324 135 1386 lit
152 1327 270 1406 tameo,
291 1326 446 1401 utcpnque
469 1326 534 1396 est
555 1322 618 1380 aive
638 1319 686 1380 illi
707 1339 779 1379 vera
800 1321 934 1396 moneri,

136 1387 280 1466 Meuium
301 1423 405 1464 somno
427 1403 605 1464 credere
580 1423 644 1464 aive
664 1401 784 1482 volent,

93 1489 217 1552 Efficite
237 1507 330 1547 vanos
351 1489 450 1548 uootla
469 1487 584 1548 Lucina
606 1489 731 1548 timores

13 1641 14 1646 ἵ
136 1573 177 1634 Et
197 1571 313 1632 frustra
333 1572 508 1632 inmeritum
529 1573 726 1653 pertimuisse
748 1568 838 1647 velit,

95 1657 129 1718 Si
148 1675 215 1716 mea
235 1672 293 1715 neo
310 1656 391 1735 turpi
413 1673 499 1716 mena
519 1662 567 1716 est
589 1656 718 1716 obnoxia
738 1655 820 1715 iacto

137 1739 202 1800 Neo
221 1736 311 1799 laealt
332 1757 456 1826 magnos
477 1740 569 1840 impio
585 1737 689 1818 lingua
711 1736 796 1799 deos

96 1823 157 1885 lam
178 1823 244 1882 Nox
265 1809 452 1883 aetherium
456 1824 551 1902 nigris
574 1842 696 1884 emensa
716 1820 870 1910 quadrigis

138 1903 285 1967 Mundum
308 1905 450 1966 caeruleo
470 1905 588 1969 laverat
608 1925 694 1968 amne
716 1913 815 1984 rotae,

94 1989 159 2052 Neo
180 2008 228 2050 me
248 1991 384 2071 sopierat
405 1993 501 2052 menti
523 1991 598 2052 dour
618 1990 703 2052 utilis
724 2009 849 2069 aegrae.

136 2074 270 2188 3⁰an
288 2072 436 2135 sollicitas
457 2074 562 2134 delicit
580 2084 651 2135 ante
672 2075 786 2134 domoa.
1056 2117 1103 2156 ι,
1142 2123 1148 2134 .

95 2157 254 2234 ‘laudem3
276 2177 344 2218 cum
365 2176 480 2218 summo
499 2158 641 2243 Phoebus
662 2159 821 2258 prospexit
840 2158 877 2218 ab
900 2163 986 2237 ortu,

137 2243 258 2304 Premit
279 2239 452 2318 languenti·
472 2213 586 2302 lumina
608 2262 677 2303 sera
698 2244 794 2319 quiea

13 2339 15 2404 ζ
96 2325 157 2388 llio
178 2323 295 2384 iuvenia
318 2329 401 2382 casta
422 2321 583 2385 redimitus
601 2333 740 2408 tempora
760 2323 847 2386 lauro

13 2415 15 2454 1
139 2410 198 2470 Est
217 2408 298 2466 tima
317 2412 423 2468 nostra
444 2426 561 2487 ponere
583 2407 658 2468 sede
679 2407 799 2488 pedem.

98 2493 167 2556 Non
187 2489 242 2551 illo
264 2491 425 2569 quicquam
445 2492 609 2552 1οιιιιοιίιιι
630 2490 694 2552 ulla
715 2494 852 2573 priorum

141 2576 252 2650 Aetas,
273 2574 434 2634 humanum
455 2595 513 2638 noe
532 2575 618 2636 videt
637 2574 713 2636 illud
735 2596 820 2656 opua.

99 2659 215 2723 intonsi
238 2657 338 2718 crinea
359 2656 450 2737 longa
469 2662 589 2722 cervice
609 2643 771 2752 iluebaut,

143 2740 286 2804 Stillabat
308 2741 397 2822 Syrio
419 2753 537 2822 myrtea
558 2765 630 2806 rore
650 2764 744 2806 coma.

13 2845 15 2848 ·
101 2827 224 2890 Candor
245 2830 329 2903 erat,
352 2823 471 2904 qualem
491 2831 629 2907 praefert
649 2828 773 2910 Latonia
793 2827 894 2906 Luna,

142 2911 183 2972 Et
204 2907 320 2970 eolor'
311 2927 343 2968 ιιι
362 2910 449 2971 niveo
472 2929 601 2992 corpore
621 2904 809 2996 purpureus,

102 2994 142 3056 Ut
160 2994 263 3055 iuveni
283 2993 414 3073 primum
435 2994 520 3072 virgo
542 2995 674 3068 deducta
694 2998 803 3058 morito
860 3053 867 3073 ,

144 3077 279 3138 lnflcltur
298 3084 421 3138 teneras
441 3097 495 3140 ore
515 3082 646 3142 rubente
667 3101 776 3162 genae,

16 3165 18 3172 ’
102 3161 144 3223 Et
166 3180 232 3220 eum
253 3166 421 3222 contexunt
441 3165 602 3236 amarantis
625 3162 693 3224 alba
710 3163 836 3245 ,puellae

144 3241 225 3304 Lilia
245 3252 279 3304 et
300 3252 442 3306 autumno
465 3245 592 3307 candida
612 3246 690 3311 mala
711 3249 832 3312 rubent.

104 3329 164 3390 lma
184 3325 343 3390 videbatur
363 3328 435 3390 talia
455 3327 588 3394 illudere
609 3329 704 3412 polla:

145 3411 282 3489 Namque
302 3411 378 3476 haec
398 3414 432 3476 iu
451 3413 550 3478 nitido
572 3433 703 3498 eorpore
720 3418 814 3480 vestie
835 3425 912 3479 erat.
