2534 3942
17 549 42 578 ..
143 399 455 570 'Anuli
523 394 923 574 uinum
982 583 990 597 ,

298 671 300 678 ’
356 683 495 766 nunna
517 683 737 768 QUARTUS.

447 865 655 880 ——u—

533 1021 560 1086 I.

55 1107 120 1221 Te,
141 1139 293 1218 Messala,
316 1161 437 1220 canam,
460 1158 630 1221 quanquam
651 1159 702 1201 me
724 1141 846 1219 cognita
863 1129 960 1222 virtus

10 1219 11 1228 ’
54 1228 187 1306 Terret,
208 1232 243 1285 ut
261 1225 401 1292 infirmae
421 1233 576 1304 nequeant
594 1227 766 1286 subsistere
785 1226 883 1302 vires,
927 1255 929 1262 v

10 1379 11 1384 η
53 1310 196 1390 Incipiam
217 1317 328 1372 tamen.
352 1311 507 1370 emeritis
525 1311 556 1370 ai
577 1312 711 1372 carmina
730 1307 856 1388 laudes,

10 1453 12 1470 ‚
53 1394 221 1455 Deliciant:
239 1392 364 1468 humilis
384 1395 479 1454 tantis
501 1395 557 1454 aim
579 1393 722 1454 conditor
740 1395 833 1470 actis,

52 1479 117 1538 Nec
137 1484 189 1538 tna
207 1485 334 1558 praeter
355 1485 388 1539 te
410 1480 525 1546 chartis
547 1479 689 1540 intexere
711 1478 870 1556 quisquam
1032 1492 1048 1541 5

51 1561 143 1622 Facta
165 1567 274 1640 queat,
297 1561 388 1622 dictis
409 1570 526 1624 utnon
548 1565 662 1624 maiora
685 1563 850 1642 supersint.

51 1647 108 1706 Eat
128 1647 219 1706 nohis
237 1643 371 1708 voluisse
392 1649 483 1725 satis,
503 1664 563 1707 nec
584 1665 710 1707 munera
729 1664 823 1726 parva

51 1730 229 1809 Respneris.
250 1729 342 1790 etiam
362 1731 489 1792 Phoebo
512 1733 683 1810 gratissima
703 1729 782 1790 dona

53 1814 131 1873 Cres
151 1812 239 1892 tulit,
264 1821 296 1874 et
318 1817 435 1876 cunctis
454 1816 573 1877 Baccho
594 1814 757 1877 iucundior
778 1816 892 1895 hospes

10 1909 12 1962 ᾏ
51 1897 173 1975 icarus,
194 1903 228 1958 ut
248 1917 326 1978 puro
348 1907 501 1961 testantur
523 1899 626 1960 sidera
648 1898 733 1960 caelo
1017 1913 1050 1964 10

51 1981 251 2061 Erigoneque
273 1984 446 2063 Canisque,
465 1991 560 2064 neget
578 2003 619 2046 ne
639 1981 762 2062 longior
785 1991 877 2046 aetas.
941 2027 943 2032 a

52 2065 243 2140 Quinetiam
263 2066 391 2128 Alcides
413 2067 491 2128 dens
510 2087 691 2130 ascensurus
714 2067 877 2148 Olympum

51 2149 147 2210 Laeta
165 2149 358 2214 Molorcheis
374 2155 479 2232 posuit
497 2154 626 2232 vestigia
646 2153 755 2230 tectis,

50 2233 210 2312 Parvaque
232 2233 377 2295 caelestis
398 2234 531 2316 placavit
550 2241 646 2315 mica,
668 2254 727 2296 nec
745 2235 809 2296 illis

52 2317 184 2395 Semper
202 2318 342 2379 inaurato
362 2326 468 2382 taurus
491 2320 573 2384 cadit
591 2321 693 2383 hostia
714 2339 819 2382 cornu.
986 2359 989 2366 ,
1015 2331 1048 2382 io
1134 2327 1140 2336 “

50 2400 113 2460 Hic
135 2418 255 2480 quoque
274 2404 315 2464 ait
335 2411 440 2482 gratus
456 2422 566 2485 parvus
586 2403 692 2484 labor,
713 2411 748 2465 ut
769 2406 824 2464 tihi
847 2405 960 2484 possim

11 2531 12 2548 2
51 2482 129 2544 lnde
150 2480 227 2544 alios
248 2484 385 2568 aliosque
405 2507 522 2552 memor
542 2507 728 2569 componere
748 2507 864 2548 versus.
971 2491 973 2498 “

94 2566 186 2627 Alter
207 2565 290 2631 dicat
309 2591 385 2651 opus
407 2576 507 2652 magni
528 2572 670 2636 mirabile
691 2571 812 2651 mundi,

53 2649 162 2727 Qualis
183 2653 217 2712 in
239 2655 378 2716 inmenso
400 2655 560 2718 desederit
580 2677 652 2718 aere
674 2653 786 2735 tellus,

10 2743 12 2752 ’
51 2735 158 2812 Qualis
179 2743 213 2796 et
232 2739 267 2797 iu
286 2759 409 2802 curvanu
430 2747 542 2821 pontus
564 2743 748 2804 confluxerit
766 2742 888 2819 orbem,
1014 2753 1049 2802 ‘20

10 2857 11 2864 ι
48 2820 92 2881 lit
113 2839 223 2900 vagus,
246 2824 378 2884 eternis
399 2843 458 2904 qua
477 2845 605 2904 surgere
625 2827 751 2904 nititur,
773 2845 843 2903 aer,
904 2875 907 2882 .

50 2904 133 2966 Huic
155 2911 188 2966 et
209 2913 370 2970 contextus
391 2911 504 2988 passim
524 2911 600 2972 duat
619 2912 727 2990 ignem
750 2910 874 2987 aether,

10 3059 12 3074 ‚
49 2987 269 3070 Pendentique
290 3011 384 3072 super
405 2992 584 3055 claudantur
604 3002 640 3056 ut
659 2995 760 3055 omnia
781 2992 884 3054 caelo:

10 3085 12 3108 ¹
49 3073 109 3149 At,
132 3074 335 3157 quodeunque
357 3095 445 3138 meae
464 3084 612 3159 poterunt
634 3077 748 3140 audere
771 3079 939 3155 Camenae,

51 3156 115 3216 Seu
134 3157 192 3216 tibi
211 3176 267 3237 par
287 3167 436 3242 poterunt
452 3182 523 3239 sen,
542 3160 626 3242 quod
646 3181 716 3243 spes
738 3163 859 3241 abnuit,
880 3160 962 3224 ultra
1013 3172 1046 3225 25

51 3239 123 3306 Sive
145 3241 244 3301 minus
267 3242 431 3325 (certeque
452 3254 563 3307 canent
581 3247 713 3326 minus),
734 3265 824 3307 omne
844 3265 985 3307 vovemus

48 3324 120 3385 Hoc
140 3325 215 3401 tibi,
236 3344 295 3387 nec
315 3333 400 3392 tantu
420 3337 524 3391 careat
543 3331 618 3390 mihi
640 3332 774 3391 carmine
795 3331 910 3392 charta.
993 3390 995 3396 .

10 3445 11 3492 ι
48 3407 147 3487 Nam,
170 3427 339 3489 quanquam
361 3415 503 3494 antiquae
525 3415 627 3493 gentis
647 3421 794 3494 superant
812 3415 870 3475 tihi
886 3410 1012 3492 landes,

48 3491 121 3552 Non
142 3499 195 3555 tua
213 3496 361 3558 maiorum
382 3505 527 3566 contenta
547 3505 596 3562 est
616 3497 715 3580 gloria
735 3498 830 3578 fama,

10 3221 12 3278 i
