2534 3942
452 197 597 278 suomi
618 197 686 259 mr.
703 199 725 258 1.
741 209 767 262 a.
782 207 809 264 ι.
1092 201 1130 260 13

132 371 246 433 Nescio
266 369 339 450 quid
358 369 489 430 furtivus
510 385 595 430 amor
615 373 712 448 parat.
735 375 824 430 utere
847 365 978 450 quaeso,
1098 374 1132 431 ⁷5
1159 341 1161 348 Ι

174 457 251 518 Dum
270 454 360 516 licet:
381 457 415 515 in
434 450 553 534 liquido
573 462 627 516 uat
647 455 705 514 tibi
723 452 819 514 linter
841 472 926 532 aquo.

532 581 734 594 ——u—-n--u-n-

596 669 655 738 VI.

131 759 282 872 Semper,
301 797 337 851 ut
357 788 503 867 inducar,
523 787 652 850 blandos
674 789 770 850 offers
791 789 867 851 mibi
886 789 1003 870 vultus,

172 877 247 936 Post
268 882 371 934 tamen
391 893 424 934 es
445 875 557 935 misero
577 877 678 936 tristis
698 882 731 935 et
751 893 858 955 asper,
879 877 982 938 Amor.

127 959 212 1044 Quid
232 961 291 1019 tibi
313 960 457 1020 saevitiae
478 967 596 1020 meo'um
620 960 691 1028 esti
713 979 751 1018 au
772 958 869 1038 glorio
890 979 998 1039 magua
1016 970 1065 1022 est

171 1043 300 1108 iusidias
320 1045 435 1104 homiui
458 1044 664 1124 composuisse
687 1042 800 1115 deum?

120 1129 206 1200 xNam
229 1129 303 1188 mibi
323 1128 491 1189 tenduntur
512 1148 627 1189 casses:
649 1130 709 1188 iam
731 1127 821 1189 Delia
841 1129 947 1190 furtim
1113 1141 1129 1192 5

173 1215 285 1275 Nescio
310 1232 399 1293 quem
422 1215 514 1273 tacita
535 1213 646 1274 callida
666 1221 759 1274 nocte
780 1215 874 1274 foret.

130 1299 188 1361 illa
209 1296 331 1378 quidem
351 1305 413 1358 tam
433 1296 529 1358 multu
550 1305 660 1376 negot,
688 1297 743 1357 sed
765 1296 896 1357 credere
916 1296 1024 1358 durum
1046 1307 1108 1359 est:

173 1385 223 1444 Sic
244 1385 336 1444 etiam
357 1382 397 1443 de
419 1401 468 1442 me
489 1391 639 1462 pernegat
658 1401 755 1460 usque
776 1384 853 1443 viro.

131 1469 201 1550 ipse
223 1469 318 1527 miser
340 1465 448 1545 docui,
472 1487 530 1545 quo
551 1472 658 1546 posset
675 1465 787 1527 ludere
804 1472 895 1546 paeto

173 1551 342 1614 Custodes:
364 1552 505 1611 heuheu
526 1569 607 1612 uuae
628 1569 754 1631 premor
775 1556 843 1610 arte
865 1569 940 1610 mea.
1096 1563 1129 1614 10

129 1635 265 1714 Fingere
283 1643 356 1696 tuuo
379 1634 488 1696 didicit
510 1655 628 1713 oausas,
651 1644 685 1696 ut
705 1635 771 1695 sola
792 1636 935 1713 cubaret,

173 1720 307 1782 Cardine
328 1727 402 1780 tuno
423 1721 517 1780 tacito
530 1725 662 1781 'vertere
683 1739 775 1801 posse
796 1721 897 1780 iores:

131 1806 220 1867 Tunc
242 1813 349 1865 suebos
371 1805 547 1884 herbasque
568 1803 657 1884 dedi,
677 1807 744 1884 quis
766 1806 845 1865 livor
865 1805 981 1884 abiret,

173 1889 271 1966 Quem
291 1890 367 1949 facit
388 1890 538 1969 impresso
557 1897 660 1950 mutua
684 1889 779 1950 deute
802 1890 915 1952 Venus.

129 1973 172 2035 At
191 1967 242 2053 tu,
263 1971 381 2034 fallacis
403 1976 534 2035 coniunx
555 1975 677 2035 incaute
697 1973 837 2054 puellae,
1095 1987 1126 2038 15
1169 1999 1173 2014 f

171 2059 225 2120 Me
248 2076 370 2138 quoque
393 2065 530 2137 serrato,
550 2067 661 2138 peccet
680 2067 714 2118 ut
734 2057 790 2132 ilia
811 2055 899 2117 nihil.

77 2155 78 2160 ’
129 2142 197 2203 Neu
216 2145 344 2202 iuvenes
365 2140 507 2203 celebret
528 2142 624 2203 multo
647 2139 806 2220 reimoue,
829 2150 949 2221 caveto,

172 2227 257 2287 Neve
280 2229 373 2286 cubet
390 2225 458 2287 laxo
480 2235 588 2306 pectus
612 2228 825 2306 apertasiou,

129 2311 197 2371 Neu
218 2319 251 2370 te
269 2308 404 2390 decipiat
424 2316 516 2387 nutu,
537 2309 695 2390 digitoque
716 2309 871 2388 liquorem

131 2447 134 2452 .
173 2395 219 2453 Ne
239 2395 342 2454 trahat
361 2402 394 2454 et
413 2413 536 2454 mensae
558 2393 649 2454 ducat
666 2395 699 2454 iu
722 2395 797 2454 orbe
819 2400 915 2455 notas.
1094 2403 1128 2455 ιο
1193 2431 1197 2444 ·

32 2493 36 2497 ’
130 2479 236 2539 Exibit
258 2497 475 2560 quamsaepe,
496 2479 589 2554 time,
612 2479 787 2538 seuvisere
809 2476 893 2538 dicet
1012 2498 1014 2508 ·

170 2562 267 2622 Sacra
282 2563 385 2622 Bonae
405 2565 539 2624 maribus
558 2582 620 2624 nou
641 2560 780 2623 adeunda
801 2561 887 2622 deae.

33 2683 38 2688 -
130 2647 173 2708 Aa
194 2646 269 2706 mibi
291 2648 317 2706 si
339 2646 464 2724 eredas,
486 2647 570 2708 illam
591 2665 703 2728 sequar
724 2665 801 2707 uuus
824 2646 862 2707 ad
885 2667 968 2708 aras:

172 2731 262 2792 Tunc
284 2730 359 2790 mihi
380 2750 442 2790 uon
463 2731 559 2792 oculis
581 2733 621 2793 sit
642 2733 780 2792 timuisse
800 2734 885 2792 meis.

130 2815 248 2897 Saepe,
269 2814 356 2876 velut
375 2834 506 2893 gemmas
529 2819 594 2878 eius
616 2818 796 2897 signumque
816 2817 997 2896 probarem,
1094 2825 1127 2876 25

173 2901 235 2960 Per
256 2919 375 2960 oausam
398 2900 522 2960 memini
540 2919 589 2962 me
612 2903 754 2980 tetigisse
775 2919 911 2960 manum:

131 2982 230 3063 Saepe
250 3003 337 3044 mero
357 3003 494 3044 somnum
515 2987 624 3066 peperi
644 2987 720 3064 tibi,
740 2991 773 3044 at
793 2987 860 3066 ipse
882 2985 1024 3044 bibebam

62 3077 67 3086 '
173 3067 281 3127 Sobria
303 3071 461 3150 supposita
481 3062 591 3149 poeuis
610 3069 717 3130 vietor
730 3087 817 3148 aqua.
986 3132 988 3137 ,
1082 3137 1085 3141 ,

130 3150 199 3210 Νοιι
218 3171 278 3230 ego
297 3161 328 3213 te
349 3152 426 3214 loesi
439 3153 600 3234 prudens:
622 3153 747 3231 ignosce
767 3152 889 3212 fatenti.

164 3235 262 3295 ‘iussit
283 3237 392 3298 Amor:
414 3244 521 3297 contra
543 3238 611 3317 quis
631 3237 714 3296 ferat
732 3255 815 3296 arma
835 3235 933 3297 deos?
1094 3242 1129 3296 30

130 3317 189 3379 ille
212 3337 268 3396 ego
291 3339 372 3398 sum,
393 3335 452 3382 uec
472 3339 521 3382 me
540 3323 600 3380 iam
621 3319 726 3382 dicere
744 3339 818 3382 vera
837 3318 981 3402 pudebit,

173 3402 308 3463 instabat
329 3411 394 3465 tota
414 3407 462 3466 oui
483 3411 535 3464 tua
556 3412 648 3466 uoote
670 3405 762 3466 oanis.

115 3484 216 3566 'Quid
236 3493 345 3548 tenera
363 3491 420 3550 tibi
442 3491 571 3570 coniuge
592 3489 691 3570 opus?
712 3496 765 3548 tua
786 3487 813 3548 si
832 3488 913 3548 bona
932 3485 1034 3546 neseis
