2534 3942
435 183 579 248 ιιιιιιιιι
598 183 666 246 um.
684 183 720 245 11.
739 149 766 246 ι.
1056 176 1095 246 :n

150 353 228 414 Dum
249 349 404 412 cumulant
425 370 509 432 aras,
528 351 567 414 ad
587 358 640 412 tna
659 372 745 414 sacra
763 353 842 413 veni.

109 437 173 499 Sed
189 435 304 498 nitidus
323 435 514 516 pulcherque
535 437 620 496 veni:
642 455 722 496 nunc
743 436 837 496 indue
855 441 972 497 vestem

152 521 338 601 Sepositam,
357 518 467 598 longas
487 540 569 580 nunc
591 522 670 580 bene
688 525 782 599 pecte
803 539 919 599 comas,

110 603 236 681 Qualem
256 611 289 664 te
311 609 481 664 memorant
502 605 634 664 Saturno
656 621 731 682 rege
751 604 855 682 fugato
934 663 938 672 ,

151 689 270 751 Victori
290 686 397 748 landes
416 689 608 748 concinuisse
628 687 699 748 lovi.
1068 697 1101 748 10

110 772 159 832 Tu
178 771 289 852 procul
310 779 456 830 eventura
476 770 578 849 vides,
599 772 657 831 tibi
678 768 800 832 deditus
821 790 916 850 augur

153 855 219 915 Scit
239 857 320 915 bene
343 853 417 932 quid
437 855 493 915 fati
514 853 642 935 provida
662 861 766 914 cantet
786 857 863 932 avis,

109 939 220 1018 Tuque
242 939 325 1016 regis
347 944 463 1016 sortes,
481 957 539 1017 per
559 945 592 998 te
610 941 781 1018 praesentit
802 957 947 1020 aruspex,

151 1022 283 1083 Lubrica
304 1023 434 1101 signavit
453 1042 520 1082 cum
539 1021 614 1082 deus
635 1028 704 1082 exta
724 1024 820 1082 notis:

60 1129 70 1147 ·
109 1105 158 1166 Te
179 1104 258 1166 duce
278 1106 429 1166 Romanos
450 1126 604 1184 nunquam
625 1107 772 1168 frustrata
794 1105 912 1186 Sibylla
1067 1115 1098 1166 15

152 1188 265 1250 Abdita
282 1191 464 1273 quaeseuis
483 1191 546 1251 fata
568 1192 649 1250 canit
668 1189 813 1270 pedibus!

109 1274 251 1352 Phoebe,
272 1293 372 1334 sacras
393 1273 595 1336 Messalinum
616 1275 683 1334 sine
704 1279 831 1351 tangere
854 1275 974 1335 chartas
992 1347 994 1353 γ

24 1407 28 1416 .
152 1358 251 1432 Vatis,
273 1365 305 1418 et
325 1359 393 1437 ipse
413 1377 527 1438 precor
549 1358 630 1438 quod
652 1364 741 1418 canat
759 1357 813 1417 illa
834 1357 920 1420 doce.

110 1442 193 1502 Haec
215 1440 301 1502 dedit
321 1443 446 1502 Aeneae
467 1451 583 1520 sortes,
604 1441 765 1522 postquam
784 1439 840 1502 ille
861 1447 1020 1521 parentem

150 1527 271 1586 Dicitur
293 1532 325 1586 et
345 1533 449 1606 raptos
471 1527 651 1591 sustinuisse
673 1527 785 1603 Lares,
1065 1536 1100 1587 20

108 1610 173 1670 Nec
191 1609 260 1670 fore
282 1609 436 1674 credebat
448 1611 589 1687 Romam,
612 1629 678 1671 cum
699 1617 831 1670 maestus
852 1612 889 1670 ab
911 1609 978 1672 alto¹
1053 1641 1055 1646 ·

151 1693 230 1754 Ilion
251 1693 394 1754 ardentes
414 1697 646 1775 respiceretque
668 1692 751 1754 deos.
822 1747 825 1750 .

112 1775 271 1856 (Romulus
292 1785 436 1838 aeternae
455 1778 589 1839 nondum
608 1781 782 1839 firmaverat
800 1780 884 1840 urbis

152 1862 292 1940 Moenia,
313 1865 448 1924 consorti
462 1882 531 1923 'non
551 1862 715 1924 habitanda
735 1862 847 1933 Remo,

110 1944 172 2005 Sed
191 1952 263 2005 tune
283 1950 450 2028 pascebant
470 1949 602 2008 herbosa
622 1944 739 2006 Palatia
757 1965 865 2006 vaccae
1067 1955 1099 2007 25

149 2030 190 2090 Et
211 2033 332 2090 stabant
352 2032 485 2092 humiles
506 2033 539 2092 in
560 2033 638 2093 lovis
659 2049 729 2091 arce
750 2049 846 2090 casae.

108 2113 202 2174 Lacte
223 2114 350 2174 madens
368 2115 434 2175 illic
454 2116 579 2176 suberat
598 2117 662 2176 Pan
682 2113 762 2175 ilicis
782 2118 908 2175 umbrae

150 2198 192 2257 Et
212 2197 293 2256 facta
312 2201 426 2275 agresti
447 2198 551 2276 lignes
571 2199 650 2260 lalee
671 2197 776 2276 Pales,

110 2277 330 2358 Peudebatque
349 2282 417 2358 vagi
437 2283 569 2360 pastoris
588 2283 620 2342 in
642 2285 751 2343 arbore
771 2288 889 2358 votum,

155 2362 285 2424 Garrula
307 2363 442 2425 silvestri
463 2364 566 2425 fistula
584 2386 669 2428 sacra
691 2366 765 2442 deo,
1065 2373 1100 2427 30

12 2475 14 2504 ι
111 2445 244 2525 Fistula,
266 2449 315 2509 cui
333 2465 455 2529 semper
478 2449 631 2512 decrescit
651 2450 807 2510 arundinis
830 2448 923 2510 ordo:

151 2529 228 2591 Nam
247 2531 377 2593 calamus
397 2553 470 2594 cera
486 2535 622 2612 iungitur
642 2553 738 2614 usque
758 2535 867 2594 minor.

113 2615 152 2675 st
174 2635 233 2694 qua
253 2614 380 2677 Velabri
401 2619 487 2698 regio
506 2626 607 2699 patet,
629 2621 676 2679 ire
697 2617 817 2682 solebat

150 2699 284 2778 Exiguus
304 2699 391 2781 pulla
410 2721 468 2782 per
487 2702 563 2763 uada
583 2703 679 2764 linter
700 2723 785 2783 aqua.
858 2703 860 2714 ’

109 2780 183 2843 lllac
205 2803 297 2864 saepe
317 2788 419 2864 gregis
440 2786 514 2849 ditis
533 2787 682 2869 placitura
701 2788 847 2866 magistro
1065 2791 1098 2846 35

150 2866 199 2928 Ad
217 2867 360 2930 iuvenem
381 2871 460 2931 fests
480 2878 528 2932 est
549 2879 636 2932 reeta
655 2869 847 2950 puella'die,

111 2950 187 3012 (lum
207 2971 266 3031 qua
284 2953 409 3014 fecundi
431 2954 593 3016 redierunt
612 2973 738 3016 munera
758 2955 855 3031 ruris,

97 3033 105 3058 ‘
152 3035 265 3097 Caseus
287 3045 319 3098 et
340 3041 446 3100 niveae
468 3039 613 3100 candidus
635 3057 728 3116 agnus
747 3037 836 3116 ovis.)

112 3118 260 3197 ‘Impiger
280 3123 401 3199 Aenea,
421 3123 576 3184 volitantis
595 3122 693 3182 irater
711 3123 853 3199 Amoris,
1008 3183 1012 3192 ,

153 3201 265 3262 Troica
283 3209 335 3283 qui
356 3207 494 3285 profugis
514 3225 599 3265 saera
619 3206 705 3266 vehis
727 3207 860 3282 ratibus,
968 3248 973 3254 ,
1065 3211 1100 3262 40

109 3286 170 3349 lam
192 3286 249 3346 tibi
268 3286 438 3350 Laurentes
459 3290 590 3368 assignat
610 3289 746 3368 luppiter
767 3307 871 3368 agros,

151 3370 212 3429 lam
231 3376 318 3431 vocat
339 3380 478 3436 errantes
498 3373 621 3454 bosplta
641 3379 726 3433 terra
744 3374 849 3434 Lares.

109 3451 176 3514 Illic
198 3460 319 3518 sauctus
340 3458 419 3536 eris,
438 3477 505 3518 cum
524 3462 558 3518 te
579 3456 753 3521 veneranda
772 3455 894 3518 Numici
