2534 3942
280 198 424 266 unuin
447 196 650 278 (transui)
673 169 742 260 aro.
758 197 850 288 uir,
865 209 891 266 a.
1037 204 1075 266 ιι
1116 165 1123 182 ’

85 370 169 448 Ergo
190 387 231 428 ne
250 365 354 430 dubita
372 365 499 428 blandas
521 365 669 430 adhibere
686 364 850 446 querelas:
913 399 917 409 Δ
955 387 958 394 ·
1032 377 1080 434 475

128 454 301 516 Vincuntur
322 451 407 510 molli
424 457 551 530 pectora
572 449 648 514 dura
669 469 775 530 prece.

88 535 224 616 Quodsi
244 554 317 596 vera
339 541 451 595 canunt
471 536 565 595 sacris
588 533 710 596 oracula
732 533 872 617 templis,

6 631 9 638 '
130 621 215 680 llaec
237 618 282 679 ilii
303 625 409 678 nostro
430 620 554 678 nomine
575 617 657 678 dicta
676 617 778 678 refer:

88 705 173 764 ‘Hoc
193 704 250 763 tibi
271 704 441 780 coniugium
459 704 611 782 promittit
632 701 738 762 Delius
755 703 839 782 ipse,

5 805 6 808 ’
128 785 218 847 Felix
238 788 313 863 hoc,
337 783 428 846 aliurn
450 785 557 847 desine
573 784 654 846 velle
675 787 807 846 virum.''

87 871 188 948 Dixit,
209 875 242 930 et
262 872 386 948 ignavus
408 867 534 930 defluxit
556 888 686 948 corpore
705 889 837 932 somnus.

129 953 178 1013 An
200 971 258 1031 ego
279 969 320 1012 ne
339 947 452 1032 possim
471 958 555 1013 tanta
576 952 682 1013 ridere
704 951 791 1013 mala.

88 1036 153 1098 Nec
173 1038 232 1096 tibi
254 1035 438 1096 crediderim
457 1038 535 1097 votis
558 1038 711 1097 contraria
730 1044 800 1106 vota

130 1121 196 1180 Nec
219 1125 333 1179 tantum
355 1121 470 1180 crimen
492 1127 619 1200 pectore
641 1123 742 1182 inesse
763 1126 834 1181 tuot

88 1205 164 1265 Nam
187 1208 218 1263 te
236 1221 293 1264 nec
314 1205 389 1265 rasti
410 1211 581 1282 genuerunt
602 1223 734 1283 aequora
752 1205 841 1284 ponti

130 1287 195 1348 Nec
213 1287 360 1348 flammam
380 1286 504 1348 vol‘vens
522 1306 576 1347 ore
596 1289 756 1349 Chimaera
776 1288 844 1348 fero

5 1379 6 1384 ’
88 1370 255 1432 Nescania
277 1359 425 1450 anguinea
444 1371 604 1432 redimitus
625 1378 712 1449 terga
732 1376 869 1448 caterva,

5 1459 6 1526 J
45 1464 47 1470 '
132 1455 190 1526 Cui
210 1462 275 1514 tres
296 1461 367 1515 sunt
387 1454 510 1534 linguae
529 1456 792 1534 tergeminumque
814 1461 921 1535 caput,

5 1561 6 1590 1
90 1536 254 1617 Scyllaque
275 1539 440 1616 virgineam
462 1539 585 1598 canibus
607 1539 760 1598 succincta
780 1539 928 1618 liguram,

129 1623 248 1682 Necte
269 1629 447 1702 conceptam
469 1641 557 1683 saeva
577 1621 685 1682 leaena
707 1619 793 1700 tulit,

87 1696 224 1766 Barbari
241 1723 298 1765 nec
319 1705 462 1786 Scythiae
483 1704 577 1768 tellus
597 1705 790 1767 horrendaue
812 1705 932 1786 Syrtin,

5 1861 7 1870 ,
132 1787 195 1848 Sed
216 1787 297 1849 culta
316 1797 349 1850 et
369 1789 453 1850 duris
475 1811 539 1852 non
557 1789 721 1850 habitanda
742 1788 848 1850 domus

5 1881 7 1942 ζ
88 1871 131 1933 Et
150 1869 243 1951 longe
264 1879 334 1934 ante
351 1873 425 1936 alias
446 1895 551 1936 omnes
572 1874 731 1935 mitissima
747 1881 845 1935 mater

5 1955 7 2004 i
130 1955 219 2034 laque
240 1963 329 2036 pater
351 1979 409 2036 quo
427 1978 489 2018 non
511 1957 591 2019 alter
613 1955 781 2018 amabilior.

5 2029 7 2038 ’
88 2038 172 2100 Haec
195 2038 270 2100 deus
291 2042 323 2100 ln
343 2042 452 2102 melius
473 2043 611 2104 crudelia
631 2043 746 2104 somnia
766 2046 867 2102 vertat

129 2123 170 2184 iit
189 2123 293 2184 iubeat
315 2125 436 2206 tepidos
457 2127 545 2187 irrita
565 2127 652 2186 ferre
671 2125 778 2184 Notos.

484 2251 680 2264 ψ

5 2447 7 2486 ³
88 2417 158 2515 Vos
181 2458 283 2534 tenet,
302 2455 442 2518 Etruscis
463 2462 564 2518 manat
584 2475 662 2536 quae
683 2456 819 2518 fontibus
840 2456 936 2538 unda,

112 2536 221 2612 'Unda
240 2541 294 2598 sab
317 2542 461 2602 aestivum
482 2560 544 2603 non
566 2539 705 2608 adeunda
724 2541 854 2620 Canem,

89 2619 176 2684 Nunc
198 2629 297 2682 antem
319 2626 413 2684 sacris
434 2626 573 2686 Baiarum
595 2626 732 2706 proxima
752 2621 902 2706 lymphis,

132 2705 208 2765 (inm
229 2725 263 2766 se
282 2725 439 2794 purpureo
460 2728 534 2771 vere
554 2710 687 2770 remittit
707 2709 832 2768 humus:

5 2809 7 2812 ·
88 2789 131 2850 At
149 2789 224 2849 mihi
245 2791 444 2870 Persephone
465 2793 581 2872 nigram
603 2792 763 2855 denuntiat
782 2793 903 2854 horam:
935 2839 950 2858 s
1020 2803 1021 2808 ’

130 2871 275 2935 Inmerito
296 2875 398 2934 iuveni
417 2895 509 2954 parce
530 2896 658 2954 nocere,
681 2877 747 2939 dea.

88 2955 156 3016 Non
176 2976 231 3035 ego
255 2960 369 3019 tentavi
390 2956 469 3019 nulli
490 2959 667 3021 temeranda
687 2962 820 3020 virorum

130 3039 236 3102 Audax
255 3041 528 3103 laudandae'sacra
546 3042 658 3104 docere
680 3042 772 3123 deae,

5 3183 7 3190 ,
89 3121 154 3182 Nec
170 3143 237 3184 mea
249 3127 425 3187 mortiferis
445 3125 554 3188 infelit
574 3126 684 3208 pocula
704 3129 803 3189 succis

131 3205 265 3269 Dextera
282 3231 340 3272 nec
361 3213 500 3290 cuiquam
521 3213 594 3271 trita
616 3230 732 3272 venena
751 3210 854 3292 dedit,

88 3289 153 3350 Nec
174 3310 230 3352 nos
250 3292 391 3374 sacrilegi
410 3293 533 3376 templis
556 3293 740 3356 admovimus
762 3297 865 3374 ignes,

5 3407 6 3442 3
56 3420 58 3426 .
131 3375 196 3435 Nec
215 3394 268 3436 cor
289 3375 456 3439 sollicitant
476 3380 557 3440 lacta
578 3378 710 3456 nefanda
731 3399 848 3456 meum,
914 3455 918 3464 ι

88 3458 154 3520 Nec
174 3477 230 3520 nos
252 3461 375 3522 insanae
395 3462 579 3526 meditantes
597 3463 695 3546 iurgia
715 3464 826 3524 mentis
