2534 3942
151 203 171 264 2
363 167 368 182 '
487 199 800 266 cruciaremur

190 371 255 432 Νοο
276 385 398 452 semper
417 368 527 450 longae
550 369 672 430 deditus
689 387 758 430 esse
779 370 861 446 viae,

150 455 213 517 Sed
235 455 326 516 Canis
350 456 481 516 aestivos
504 459 589 514 ortus
609 455 707 513 vitare
727 453 782 514 sub
802 453 910 513 umbra

190 540 319 601 Arboris
345 539 384 600 ad
402 541 483 600 rivos
504 539 734 619 praetereuntis
756 556 861 616 aquae.
912 603 913 610 χ

151 626 216 686 Νοο
236 630 338 684 tamen
359 622 515 684 interdum
533 621 649 702 pudeat
668 623 807 682 tenuisse
829 621 973 682 bidentes

191 709 253 769 Aut
273 706 396 768 stimulo
416 704 522 768 tardos
540 707 732 785 increpuisse
753 708 864 782 boves,

149 794 217 854 Νοιι
241 811 384 870 agnamve
406 791 475 850 sinu
495 792 600 870 pigeat
619 791 754 850 fetumve
775 789 912 870 capellae

190 878 354 937 Desertum
377 871 474 942 oblita
495 881 592 935 matre
611 875 735 934 referre
758 873 889 934 domum.

149 962 191 1021 At
209 980 261 1020 vos
281 961 390 1038 exiguo
410 960 533 1038 pecori,
555 959 703 1038 furesque
722 956 868 1038 lupique,
900 969 903 976 '

191 1045 328 1104 Parcite·
351 1043 391 1102 de
413 1061 521 1121 magno
542 1041 657 1122 praeda
678 1041 813 1123 petenda
833 1059 937 1120 grege.

149 1128 208 1188 Hic
229 1145 286 1206 ego
307 1133 523 1206 pastoremque
544 1145 644 1186 meum
664 1125 798 1186 lustrare
821 1133 894 1205 quot
916 1127 1001 1185 aunis

98 1207 102 1213 ’
191 1212 233 1272 nt
252 1210 402 1290 placidam
424 1209 510 1272 soleo
531 1229 678 1290 spargere
695 1209 780 1277 lacte
799 1207 915 1272 Palem
961 1253 964 1264 ,

149 1295 285 1373 Adsitis,
308 1293 385 1374 divi,
405 1313 464 1355 nec
485 1314 538 1355 vos
559 1292 599 1354 (le
621 1313 758 1396 paupere
779 1311 884 1353 mensa

192 1381 279 1439 Dona
301 1398 360 1439 nec
382 1398 399 1440 e
421 1381 507 1460 puris
529 1379 668 1459 spernite
687 1376 843 1438 fictilibus.

149 1463 273 1526 Fictilia
295 1465 436 1542 antiquus
457 1464 589 1543 prlmum
610 1464 669 1524 sibi
690 1463 767 1522 feeit
788 1463 917 1541 agrestis
977 1529 979 1536 ¹

191 1546 320 1626 Pocula,
342 1548 381 1608 de
400 1547 485 1610 facili
508 1549 740 1627 composuitque
763 1544 839 1606 luto.

148 1633 217 1694 Non
239 1651 295 1712 ego
317 1631 437 1692 divitias
459 1636 580 1711 patrum
601 1631 782 1710 fructusque
800 1630 943 1710 requiro,
982 1673 995 1684 .,

127 1731 147 1778 .’
193 1716 275 1792 Quos
297 1715 371 1776 tulit
391 1717 515 1792 antiquo
540 1713 664 1774 condita
684 1716 793 1774 messsi
815 1735 883 1774 avo:

148 1800 246 1860 Parra
263 1818 351 1876 seges
373 1800 448 1860 satis
470 1805 534 1876 est,
557 1798 631 1857 satis
653 1803 717 1874 est,
738 1799 938 1875 requiescere
958 1798 1041 1859 lecto
1140 1860 1143 1867 ,

191 1882 339 1944 Scilicet
361 1889 393 1943 et
415 1880 506 1942 solito
528 1883 663 1942 membra
682 1881 785 1942 levare
807 1888 885 1944 toro.
959 1891 961 1896 “

150 1968 246 2044 Quam
265 1968 348 2028 iuvat
367 1967 500 2027 immites
519 1972 627 2026 ventos
650 1964 756 2026 audire
778 1967 940 2026 cubantem

190 2052 233 2112 Et
253 2050 404 2130 domiuum
422 2056 532 2111 tenero
555 2049 724 2110 detinuisse
744 2051 812 2109 sinu
869 2103 871 2110 ,

151 2137 228 2211 Aut,
249 2134 366 2213 gelidas
387 2135 536 2196 hibernus
558 2155 649 2214 aquas
670 2153 736 2195 cum
757 2132 876 2194 fuderit
897 2135 1029 2212 Auster,

191 2220 341 2280 Securum
359 2239 480 2281 ιοιιιιιοι
500 2220 600 2279 imbre
621 2220 743 2278 iuvante
765 2219 868 2297 sequi!

149 2303 217 2364 Hoc
239 2305 315 2365 milri
336 2305 505 2384 contingat·
526 2304 566 2363 sit
587 2302 671 2364 diues
689 2305 772 2381 iure,
791 2303 930 2364 furorem

193 2389 261 2466 Qui
266 2391 363 2450 maris
384 2395 417 2450 et
436 2391 544 2450 tristes
563 2389 650 2449 ferro
670 2394 775 2468 potest
796 2386 922 2467 pluvias.

152 2473 177 2532 0
201 2479 346 2551 «quantum
368 2478 417 2533 est
438 2475 503 2534 auri
499 2478 633 2562 pereat
653 2474 817 2552 potiusque
839 2471 1007 2552 smaragdi,

193 2557 290 2634 Quam
310 2557 385 2616 fleat
406 2557 444 2616 ob
466 2565 587 2618 nostras
609 2553 672 2618 olla
692 2554 796 2635 puella
817 2557 889 2616 vias

152 2641 199 2702 Te
218 2637 339 2726 bellare
362 2638 453 2700 decet
472 2647 573 2718 terra,
595 2637 746 2715 Messala,
768 2640 922 2718 marique,

192 2727 235 2788 Ut
246 2713 363 2786 domus
379 2721 508 2785 hostiles
528 2723 688 2804 praeferat
708 2724 845 2783 exuvias:

150 2811 205 2874 Me
225 2811 364 2870 retinent
382 2811 517 2870 vinctum
536 2808 690 2867 formosae
711 2806 811 2868 vincla
831 2808 970 2888 puellae,
1114 2814 1146 2866 55

192 2896 234 2958 Et
255 2894 349 2956 sedeo
372 2892 463 2954 duras
485 2893 598 2953 ianitor
620 2897 691 2952 ante
713 2891 807 2953 fores.

151 2977 219 3040 Nou
241 2997 297 3058 ego
318 2977 436 3039 laudari
458 2995 548 3056 euro,
569 2995 637 3036 mea
654 2973 758 3037 Delia:
779 2983 882 3036 tecum

194 3064 272 3123 llum
292 3060 383 3122 modo
406 3062 479 3141 aim,
500 3079 613 3141 quaeso
636 3062 738 3140 segnis
759 3061 905 3138 inersque
923 3077 1023 3118 vocer.

154 3146 201 3206 Te
223 3153 379 3229 spectem,
400 3165 542 3228 suprema
563 3146 638 3206 mihi
660 3165 726 3205 cum
745 3144 866 3204 venerit
884 3143 975 3219 hora,

196 3229 244 3291 'l'e
264 3238 386 3292 teneam
408 3232 542 3291 moriens
565 3229 729 3290 deficiente
750 3229 849 3287 mauu.
1114 3233 1148 3287 60

152 3310 260 3376 Flebis
282 3323 315 3377 et
334 3335 440 3376 arsuro
462 3316 596 3395 positum
615 3332 682 3386 me,
701 3309 808 3390 Delia,
827 3309 929 3388 lecto,

196 3397 351 3460 Tristibus
373 3407 406 3461 et
425 3399 561 3462 lacrimis
582 3357 686 3459 osculi
706 3397 798 3456 mixta
819 3392 913 3456 dabis.

154 3480 276 3544 lilebis.
297 3503 360 3545 uon
378 3491 429 3548 tua
449 3491 519 3546 sunt
541 3483 617 3544 duro
638 3479 820 3562 praecordia
838 3479 923 3541 ferro
