2534 3942
180 219 225 284 48
504 215 647 280 TiBUth
668 216 736 280 hlB.
753 219 802 280 iV.
819 231 845 285 1.

221 391 264 452 At
282 409 345 450 non
363 407 422 472 per
441 387 549 449 dubias
570 395 676 448 errant
696 407 764 450 mea
781 389 914 449 earmina
933 387 1057 450 laudere
1121 396 1126 400 ”

178 474 253 537 Nam
272 473 363 535 bellis
384 481 511 554 experta
532 491 616 533 nano.
638 475 728 533 testis
749 473 823 533 mihi
843 475 942 533 victae

177 558 283 622 Fortis
304 558 448 639 Iapydiae
469 556 573 634 miles,
594 559 683 616 testis
706 573 827 638 qnoque
848 557 942 617 fallax

178 645 368 722 Pannonius,
389 640 505 724 gelidas
524 642 636 722 passim
658 639 803 702 disiectus
824 643 857 702 in
878 640 973 722 Alpes

179 728 285 789 Testis
304 728 451 806 Arupinis
472 733 504 786 et
523 743 641 806 pauper
662 732 750 785 natus
771 728 804 786 in
826 727 931 794 armis,
1106 794 1108 796 ,
1127 737 1182 789 110

179 814 276 890 Quem
298 812 325 871 si
347 813 415 902 quis
435 807 538 870 videat
558 816 646 868 vetus
664 816 698 869 ut
718 829 779 869 ιιοιι
800 809 932 888 fregerit
952 815 1050 888 aetas,

180 897 284 957 'lerna
302 897 401 956 minus
421 894 528 974 Pyliae
548 895 677 954 miretur
698 892 818 954 saecula
839 894 945 954 lamae.

179 982 311 1042 Centum
332 978 480 1040 fecundos
502 977 596 1038 Titan
613 979 808 1038 renovaverit
828 995 938 1055 annos,

178 1066 246 1146 ipre
267 1071 367 1124 tamen
389 1062 477 1125 velox
498 1061 634 1122 celerem
655 1077 748 1140 super
769 1061 864 1121 edere
886 1079 996 1142 corpus
1080 1093 1081 1098 κ

179 1147 301 1210 Gaudet
322 1167 431 1228 equum
452 1145 622 1226 validisque
641 1145 730 1206 sedet
749 1144 924 1206 moderator
943 1145 1080 1205 habenis.
1128 1156 1177 1208 115

100 1266 103 1277 =
180 1232 228 1293 Te
250 1232 328 1294 duce
350 1251 411 1292 ιιοιι
433 1229 508 1290 alins
528 1249 693 1290 conversus
713 1233 802 1308 terga
823 1229 962 1288 domator

177 1317 291 1378 Libera
311 1317 464 1377 Romanae
484 1315 616 1376 subiecit
636 1313 716 1374 eolla
739 1323 873 1390 catenae

220 1400 285 1462 Neo
304 1408 406 1462 tamen
426 1401 475 1460 his
497 1404 659 1460 contentus
682 1400 759 1459 eris:
780 1400 895 1458 maiora
916 1398 1050 1477 peractis

178 1487 312 1562 instant,
333 1491 523 1563 compertum
544 1490 593 1544 est
609 1485 767 1543 veracibus
788 1486 822 1542 ut
843 1483 917 1541 mihi
938 1481 1049 1558 signis,

179 1571 254 1646 Quia
275 1568 496 1648 Amythaonius
516 1576 650 1646 nequeat
671 1573 792 1626 certare
813 1564 993 1644 Melampus.
1129 1573 1176 1626 lio
1240 1559 1241 1574 ¹

179 1655 253 1713 Nam
275 1653 365 1712 modo
387 1651 557 1730 fulgentem
577 1651 886 1730 'l'yriosubtegmine
907 1655 1024 1709 vestem

179 1735 325 1798 Indueras
347 1738 467 1795 oriente
489 1735 540 1794 die
558 1733 635 1794 duce
654 1733 767 1794 fertilis
790 1735 877 1810 anni,

180 1818 379 1901 Splendidior
399 1816 525 1896 liquidis
546 1835 612 1876 eum
634 1817 688 1876 Sol
709 1825 807 1897 eaput·
821 1815 929 1877 extulit
949 1815 1038 1876 undis
1058 1819 1061 1828 '

162 1906 220 1968 *iit
238 1904 305 1965 fera
322 1899 480 1963 discordes
502 1907 668 1960 tenuerunt
687 1901 808 1960 flamina
826 1901 927 1975 uenti,

180 1990 279 2050 Curva
299 2005 358 2046 nee
379 1993 516 2044 assuetos
538 1989 669 2062 egerunt
688 1985 812 2044 flumina
835 2003 958 2060 cursus,

180 2067 260 2150 Quih
281 2070 420 2151 rapidum
440 2067 570 2149 placidis
592 2069 682 2128 etiam
704 2087 788 2127 mare
809 2067 948 2128 constitit
968 2069 1071 2144 undis,

179 2155 270 2218 Nulla
291 2174 349 2215 neo
370 2155 469 2214 aerias
490 2153 623 2214 volueris
644 2152 817 2234 perlabitur
838 2172 925 2211 auras

179 2241 245 2302 Nee
268 2239 441 2320 quadrupes
464 2237 574 2299 densas
596 2237 771 2318 depascitur
792 2254 901 2317 aspera
922 2235 1029 2313 silvae,

179 2326 260 2402 Quin
280 2324 391 2404 largite
413 2325 474 2384 tuis
496 2330 568 2384 sunt
587 2330 670 2382 muta
690 2321 813 2382 silentia
834 2321 921 2380 votis.

179 2410 317 2491 luppiter
337 2411 404 2489 ipse
425 2408 487 2469 levi
508 2413 614 2468 vectus
635 2425 695 2486 per
714 2406 816 2466 inania
837 2423 929 2463 curru

180 2495 277 2555 Aiiuit
298 2500 331 2554 et
351 2490 438 2555 eaelo
461 2494 591 2552 vicinum
611 2490 704 2569 liquit
726 2489 888 2567 Olyrppnm
932 2507 936 2515 ¹

160 2646 163 2654 ¹
179 2579 359 2656 intentaque
379 2579 440 2637 tuis
460 2579 604 2657 precibus
626 2592 660 2634 se
679 2573 822 2653 praebuit
842 2588 915 2631 aure

181 2663 358 2741 Cunctaque
377 2663 479 2722 neraei
498 2662 599 2740 eapite
621 2659 741 2717 annnitr
763 2653 883 2715 additus
905 2657 966 2716 aris

179 2746 305 2807 Laetior
324 2744 419 2806 eluxit
439 2749 573 2802 rmntios
595 2759 688 2822 super
708 2740 787 2819 ignia
808 2756 940 2800 acervos.

222 2831 303 2908 Quin
323 2830 467 2889 hortante
489 2825 548 2886 deo
571 2825 686 2904 magnis
707 2825 855 2886 insistere
873 2826 965 2883 rebus

181 2914 302 2996 Incipe:
320 2931 382 2974 non
402 2911 483 2972 idem
506 2911 564 2970 tibi
585 2911 647 2970 sint
668 2909 798 2989 aliisque
818 2909 974 2987 triumphi

180 2999 249 3060 Non
269 3005 302 3058 te
322 2995 422 3058 vieino
443 2994 649 3056 remorabitur
671 2995 758 3054 obvia
780 2993 882 3054 Marte

181 3081 282 3145 Gallis
301 3100 359 3142 nee
379 3079 451 3140 latis
473 3078 568 3142 audax
589 3080 736 3160 Hispania
756 3077 850 3138 terris
944 3095 949 3104 ·

181 3169 246 3229 Nee
265 3167 333 3226 iera
352 3165 495 3225 'l'heraeo
515 3162 609 3224 tellus
630 3166 754 3224 obsessa
775 3159 898 3233 colono,
1016 3213 1018 3224 ,

181 3249 246 3312 Neo
267 3271 326 3330 qua
341 3246 392 3310 vel
415 3247 502 3309 Nilus
522 3246 572 3308 vel
594 3249 678 3328 regia
698 3245 823 3326 lympha
844 3241 999 3320 Choaspes

137 3403 141 3416 ι
181 3335 313 3396 Profluit
333 3339 385 3394 aut
405 3332 545 3414 rapidus,
568 3334 642 3412 Gyri
663 3329 833 3404 dementia,
853 3322 978 3404 Gyndes

182 3421 261 3479 Aret
281 3419 422 3478 Arenteis
443 3416 524 3478 haud
544 3435 603 3477 nna
622 3434 680 3497 per
698 3415 775 3473 ostia
797 3412 924 3490 eampis,
1067 3487 1072 3496 .

183 3505 248 3566 Nee
270 3523 329 3583 qna
349 3520 445 3582 regna
465 3521 540 3580 vago
564 3500 707 3577 Tomyris
728 3497 827 3556 finivit
851 3496 965 3562 Araxe,
1030 3551 1032 3558 s
