2534 3942
181 212 221 274 34
253 269 258 280 ,
499 207 642 270 'llBULll
661 207 728 270 LlB.
745 209 779 273 11.
795 223 821 276 5.
836 221 862 278 6.

221 377 263 437 nt
282 376 408 458 plaudat
428 361 521 440 curru
541 384 760 459 praetereunte
782 388 880 459 pater.
1122 395 1178 446 luo

183 463 305 522 Annuc:
331 463 375 522 sic
397 464 455 524 tibi
476 464 539 524 sint
558 463 690 539 intonsi,
711 462 854 544 Phoebe,
876 463 999 548 capilli,

223 546 273 606 Sic
294 550 346 606 tua
365 555 517 629 perpetuo
539 546 579 606 sit
601 546 657 604 tibi
679 555 760 609 casta
783 567 880 610 soror.

578 671 777 686 *-

644 763 703 830 VI.

182 847 294 940 Castra
312 879 420 940 Macer
440 878 594 956 seqnitur:
615 883 725 939 tenero
749 881 822 959 quid
843 885 898 945 fiet
918 885 1046 948 Amorii

224 964 270 1024 Sit
292 981 392 1022 comes
414 968 447 1022 et
467 960 548 1021 collo
567 962 692 1022 fortiter
713 983 795 1024 arma
815 968 925 1043 gerati

180 1052 223 1112 iit
241 1064 296 1107 seu
316 1045 408 1124 longa
427 1046 523 1105 virum
546 1053 649 1105 terrae
670 1047 717 1106 via
738 1067 793 1108 seu
813 1069 887 1126 vaga
908 1049 1022 1114 ducent

222 1131 383 1209 Aequora,
405 1148 472 1189 cum
489 1127 570 1189 telis
585 1128 623 1189 ad
644 1129 724 1190 latus
746 1133 793 1191 ire
812 1132 916 1193 soleti

181 1220 263 1292 Ure,
284 1231 378 1293 puer,
399 1231 528 1290 quaeso,
547 1218 599 1272 tua
621 1215 672 1293 qui
691 1214 777 1276 ferus
800 1217 862 1275 otia
881 1214 992 1295 liquit,

223 1301 325 1376 Atque
345 1298 457 1356 iterum
479 1315 622 1357 erronem
641 1299 697 1358 sub
717 1306 770 1359 tua
789 1300 875 1378 signa
893 1319 976 1370 voca„
1121 1374 1125 1380 Ι

182 1382 270 1461 Quod
291 1382 317 1442 si
335 1381 483 1442 militibus
502 1401 627 1460 parces,
650 1384 712 1443 erit
728 1384 780 1444 hic
800 1399 920 1464 quoque
942 1382 1046 1462 miles,

224 1469 291 1548 lpse
309 1463 408 1526 levem
429 1464 516 1544 galea
536 1468 587 1544 qui
609 1467 666 1526 sibi
687 1474 792 1547 portet
811 1488 928 1548 aquam.

183 1554 290 1614 Castra
308 1558 398 1630 pcto,
419 1548 578 1628 valeatque
598 1551 703 1613 Venus
718 1551 901 1631 valeantque
921 1549 1058 1631 puellae:

223 1638 263 1696 nt
284 1636 358 1694 mihi
380 1640 450 1693 su'ut
469 1635 567 1711 vires,
588 1642 621 1695 et
642 1637 716 1696 mihi
738 1636 818 1696 iacta
836 1639 912 1696 tuba
931 1643 988 1696 est.

182 1721 294 1798 Magna
313 1717 442 1797 loquor,
463 1717 520 1778 scd
536 1721 697 1797 magnifice
717 1721 792 1780 mihi
812 1741 920 1800 magns
938 1719 1043 1780 locuto
1085 1751 1087 1756 ·

224 1804 388 1863 Excutiuut
407 1801 528 1878 clausae
550 1803 644 1862 iortia
664 1806 758 1863 verba
778 1805 872 1864 iores.
983 1877 985 1882 ,

183 1887 281 1948 luravi
302 1886 443 1965 quotiens
463 1885 633 1946 rediturum
656 1886 694 1945 ad
712 1885 817 1947 limina
837 1887 1004 1964 uunquam!

225 1971 301 2031 Cum
323 1971 402 2030 hene
422 1970 534 2050 iuravi,
554 1987 609 2049 pes
631 1976 733 2032 tamen
754 1973 821 2050 ipse
841 1970 934 2030 redit.

186 2057 265 2117 Acer
285 2055 395 2132 Amor,
416 2054 529 2113 fractas
550 2055 664 2114 utinam
686 2060 738 2114 tua
758 2054 821 2114 tela
841 2054 983 2132 sagittas,
1141 2063 1173 2113 15

229 2140 282 2200 Sci
302 2137 395 2214 licet,
414 2138 567 2198 ‘extinctas
589 2139 794 2217 aspiciamque
816 2137 917 2198 iaces!

185 2225 233 2284 Τιι
256 2223 398 2283 miserum
419 2229 561 2300 torques,
582 2229 617 2282 tu
637 2224 780 2284 memini
803 2221 870 2282 dira
890 2220 1013 2302 precari

226 2308 318 2385 Gagis
341 2313 374 2365 et
393 2307 497 2366 insana
517 2313 621 2366 urente
643 2307 775 2368 nefanda
794 2305 889 2386 loqui.

186 2393 245 2450 lum
264 2389 343 2449 mala
363 2391 497 2449 finissem
518 2388 598 2467 leto,
618 2389 673 2449 scd
695 2389 820 2450 credula
839 2391 931 2450 vitam

227 2475 305 2553 Spes
325 2473 409 2534 iavet
427 2480 460 2534 ct
480 2473 549 2533 iore
571 2493 638 2532 cras
659 2491 781 2554 semper
802 2475 845 2532 ait
865 2471 985 2534 melius.
1141 2480 1176 2532 ιθ

185 2558 263 2638 Spes
284 2555 340 2617 alit
360 2555 531 2636 agricolas,
549 2551 627 2637 Spes
647 2557 739 2618 sulcis
758 2555 858 2617 credit
878 2558 971 2617 aratis

227 2641 364 2716 Semina,
387 2659 464 2720 quae
485 2659 592 2720 magno
614 2641 723 2700 fenore
744 2639 854 2700 reddat
876 2659 965 2718 ager:

185 2725 271 2785 Haec
291 2724 401 2803 laqueo
422 2723 579 2801 volucres,
596 2724 674 2782 haec
697 2731 797 2804 captat
819 2725 967 2785 arundine
988 2725 1105 2805 pisces,

228 2810 304 2869 Cum
326 2813 434 2867 tenues
455 2809 559 2866 hamos
581 2805 698 2866 abdidit
717 2815 786 2868 ante
809 2811 909 2870 cibus:
970 2807 972 2812 ’

187 2895 264 2974 Spes
286 2893 377 2953 etiam
398 2891 498 2950 valida
519 2888 636 2950 solatur
649 2892 804 2974 ‘compede
823 2894 956 2954 vinctam
1139 2896 1172 2948 25
1184 2875 1197 2900 ⁶

229 2977 343 3057 (Crura
364 2980 473 3035 sonant
491 2971 592 3051 ic'rro,
615 2973 670 3034 sed
689 2977 770 3036 canit
789 2977 872 3037 inter
894 2975 1000 3055 opus)=

187 3062 265 3144 Spes
284 3060 406 3122 facilem
427 3059 581 3120 Nemesim
599 3058 733 3139 spondet
753 3061 844 3138 mihi,
865 3059 921 3118 seri
941 3064 1034 3134 negat
1053 3054 1115 3116 ills.

228 3147 288 3206 ilci
309 3144 400 3222 mihi,
419 3161 459 3203 ne
479 3145 597 3219 vincas,
619 3142 695 3203 dura
714 3141 832 3223 puella,
852 3140 949 3201 deam.

186 3233 300 3307 Parce,
321 3246 379 3307 per
399 3229 558 3286 immatura
578 3233 649 3286 tuac
668 3245 780 3306 precor
802 3245 870 3286 ossa
889 3225 1019 3284 sororis:

230 3314 281 3374 Sic
303 3314 383 3371 bene
403 3313 458 3370 sub
479 3317 587 3372 tenera
607 3329 698 3390 parra
720 3311 856 3388 quiescat
875 3309 977 3370 humo.
1032 3358 1043 3380 ,
1140 3313 1172 3368 30

188 3395 334 3469 lllamihi
356 3401 459 3455 sancta
480 3402 542 3473 est,
563 3393 648 3455 illius
670 3391 749 3452 dona
768 3389 911 3471 sepulcro
1107 3385 1111 3394 ’

228 3483 270 3544 Et
290 3478 461 3542 madefacta
481 3481 557 3539 meis
580 3483 663 3538 serta
680 3476 778 3537 ieram
799 3475 950 3558 lacrimis,
