2534 3942
404 241 547 309 unuin
565 241 633 306 un
649 243 699 306 ιι.
716 252 742 308 1.
783 318 817 350 Γ
1024 247 1066 308 ιι

74 419 183 496 Magna
202 413 292 476 doum
312 410 418 494 proles
434 409 556 473 levibus
578 409 770 473 discurreret
789 413 922 489 umhrio,
1036 449 1038 452 -

75 501 298 578 Praeteriitqne
321 499 381 558 cita
402 497 544 556 Sirenum
564 493 657 554 litora
678 498 782 576 puppi.
884 523 886 526 ·
1076 505 1085 514 “

45 585 48 596 “
75 584 161 644 lllnm
181 586 264 643 inter
283 583 422 660 geminae
440 584 566 640 nantem
588 579 721 638 confinia
735 581 844 641 mortis
1016 588 1068 644 ‚70

74 669 136 728 Nec
157 664 280 748 Scyllae
302 683 392 727 saevo
415 664 588 724 conterruit
599 663 737 742 impetus
758 682 829 741 ore,

75 753 147 812 (ium
169 752 294 810 canibus
314 747 438 829 rapidas
457 749 540 806 inter
561 747 629 807 fera
649 754 792 826 serperet
812 745 924 824 undas,

13 887 15 892 .
75 837 136 896 Nec
157 833 294 894 violenta
314 851 369 892 suo
392 832 580 910 consumpsit
600 849 685 890 more
708 830 898 910 Charybdis,

38 955 41 959 -
75 916 132 980 Vel
152 920 178 978 si
198 915 336 977 sublimis
355 918 450 976 fluctu
471 920 672 994 consurgeret
691 917 769 992 imo,

75 1000 132 1063 Vel
153 1003 179 1062 si
199 1003 373 1079 interrupto
394 997 524 1060 nudaret
545 999 665 1078 gurgite
685 1007 822 1078 pontum.
1036 1001 1070 1060 75

13 1077 15 1136 Ῐ
76 1087 140 1147 Non
162 1083 275 1144 violata
294 1085 361 1161 vagi
383 1083 532 1143 sileantur
553 1102 664 1161 pascua
684 1082 781 1160 Solis,

75 1171 141 1229 Non
163 1187 247 1228 amor
268 1174 299 1228 et
319 1166 451 1228 fecunda
472 1165 646 1228 Atlantidos
667 1187 736 1230 arva
758 1166 925 1250 Calypsus,

75 1253 157 1313 Finis
178 1259 209 1312 et
231 1252 345 1311 erroris
367 1251 473 1312 miseri
494 1251 644 1310 Phaeacia
665 1250 767 1312 tellus.

76 1338 177 1415 Atque
196 1335 271 1394 hoec
290 1355 345 1395 sen
363 1342 490 1396 nostras»
506 1336 590 1394 inter
612 1342 683 1395 snnt
701 1338 822 1413 cognita
842 1341 959 1414 terras,

75 1419 189 1480 Fabula
208 1421 403 1478 sirenosum
426 1417 513 1479 dedit
531 1418 580 1478 his
602 1421 760 1479 erroribus
782 1421 905 1496 orbem,
1036 1429 1071 1480 00

76 1505 123 1564 Sit
140 1503 227 1563 labor
248 1501 346 1580 illins,
367 1510 419 1563 tua
442 1502 513 1563 dum
531 1502 690 1580 facundia,
713 1505 818 1564 maior.

13 1605 15 1634 ι
115 1588 175 1648 lam
197 1593 230 1646 te
252 1606 314 1646 non
336 1586 415 1648 alins
435 1585 511 1646 belli
532 1593 620 1648 tenet
641 1590 740 1667 aptius
762 1594 861 1660 artes,
949 1605 983 1640 .’
1089 1593 1091 1598 ‘

76 1673 141 1748 Qua
161 1670 271 1730 deceat
292 1677 388 1731 tutam
410 1671 518 1730 castris
539 1670 731 1750 praeducere
750 1671 879 1748 fossam,

77 1754 218 1830 Qualiter
240 1753 383 1814 aduersos
405 1755 487 1815 hosti
509 1753 646 1834 deligere
668 1775 790 1831 cervos,

78 1836 210 1914 quemve
231 1837 331 1900 locum
349 1838 440 1904 ducto
459 1838 568 1901 mellus
589 1841 630 1901 sit
650 1838 794 1900 claudere
815 1836 913 1915 vallo,
1038 1847 1072 1900 iio

78 1923 226 1982 Fontibus
246 1931 280 1983 ιι
302 1921 409 1984 dulces
431 1931 571 2004 erumpat
587 1931 675 1986 terra
696 1923 851 2002 liquores,

13 2077 14 2088 χ
78 2007 120 2066 Ut
139 2005 301 2086 facilisque
321 2009 383 2068 tuis
404 2007 505 2069 aditus
526 2011 567 2070 sit
589 2015 621 2068 et
642 2008 754 2068 arduus
773 2007 874 2084 hosti,

76 2091 188 2151 Laudis
208 2098 241 2152 et
261 2092 383 2152 assiduo
404 2093 505 2170 vigeat
528 2095 695 2153 certamine
717 2091 817 2152 miles.

77 2176 151 2251 Quis
172 2174 326 2235 tardamre
347 2174 454 2234 sudem
475 2175 570 2234 melio
606 2175 777 2237 celeremue
797 2173 938 2251 sagittam

80 2259 191 2315 lecerit
210 2262 262 2314 aut
281 2256 367 2316 lento
387 2258 578 2334 perfregerit
598 2261 686 2319 obvia
705 2257 796 2338 pilo?
1040 2265 1074 2317 90

78 2340 141 2396 Aut
163 2340 229 2414 quis
250 2339 578 2420 eqncm‘oeleremqne
599 2350 665 2402 arto
687 2359 883 2422 compescere
904 2339 1012 2399 fraeno
1051 2377 1059 2408 ,ι

78 2421 181 2480 Possit
201 2429 234 2481 et
256 2423 367 2484 effusas
388 2422 479 2484 tardo
499 2427 681 2504 permittere
700 2427 852 2501 habenas,

78 2505 175 2582 lnqne
196 2506 292 2565 vicem
313 2506 404 2568 modo
426 2506 546 2568 directo
568 2509 757 2570 contendere
776 2527 883 2588 passu,

13 2609 14 2614 ¹
79 2589 143 2648 Seu
163 2587 274 2665 libeat,
295 2611 386 2650 corvo
408 2593 531 2654 brevius
552 2599 735 2654 convertere
755 2611 847 2670 gyro,

80 2673 155 2750 Quis
174 2691 293 2752 parma,
313 2693 368 2734 sen
389 2675 495 2737 dextra
515 2676 591 2737 velit
613 2697 667 2740 seu
689 2675 793 2752 laeva,
815 2676 914 2751 tueri,
1041 2683 1073 2737 95
1143 2728 1146 2742 .

79 2757 152 2816 Sive
174 2758 230 2816 hac
252 2758 316 2816 sive
336 2757 554 2836 illaegrandis
575 2764 659 2824 venit
680 2763 812 2840 impetus
834 2761 939 2819 hastae

78 2838 237 2919 Arnplior‚
259 2848 310 2901 out
331 2844 448 2920 signata
469 2846 529 2904 cita
548 2844 616 2906 loca
636 2856 763 2924 tangere
785 2843 904 2908 fundo?

78 2924 141 2983 lam
160 2924 249 2986 simul
271 2924 395 2986 audacis
411 2929 537 2988 venient
557 2931 724 2990 certamina
745 2928 872 3004 Martis,
921 2976 923 2984 ι
948 2985 951 2992 ,

79 3005 288 3089 Adversisque
309 3016 421 3088 parent
437 3012 519 3071 acies
541 3031 727 3074 concurrere
749 3011 860 3090 signis,

80 3091 160 3149 Tum
181 3095 237 3152 tihi
257 3113 329 3154 non·
342 3093 422 3156 desit
441 3095 551 3156 luciam
573 3114 757 3176 componere
777 3112 912 3174 pugnae,
1025 3105 1075 3156 100

80 3175 200 3235 Sensit
219 3196 294 3256 opus
316 3179 496 3258 quadratum
516 3182 597 3240 acies
619 3183 767 3240 consistat
785 3181 817 3238 in
838 3197 961 3256 agmen,

79 3259 194 3318 Rectus
213 3267 246 3320 nt
263 3265 399 3340 aequatis
418 3261 562 3324 decurrat
581 3264 734 3326 frontibus
753 3262 846 3339 ordo,

79 3341 143 3401 Seu
163 3341 258 3403 libeat
280 3344 431 3425 duplicem
453 3348 613 3408 seiunctim
635 3366 765 3408 cernere
786 3348 935 3423 Martem,

79 3425 197 3486 Dexter
217 3427 262 3487 nti
283 3425 399 3492 laevum
422 3436 527 3491 teneat
548 3429 748 3510 dextrumque
769 3430 894 3490 sinister

79 3508 176 3572 Miles
196 3513 298 3592 istque
319 3512 431 3594 duplex
452 3516 567 3593 gemini
586 3515 714 3578 victoria
735 3533 831 3576 casus.
1025 3522 1076 3574 105
