2534 3942
488 169 633 232 TIBULLI
652 170 719 232 blB.
734 168 756 232 l.
774 179 799 235 5.

625 385 666 450 V.

149 471 253 580 Asper
274 518 359 561 eram
380 506 414 561 et
434 501 516 562 bene
538 467 699 562 discidium
722 519 771 562 me
792 499 878 560 ferre
899 499 1063 582 loquebar:

188 586 323 645 Armini
344 603 425 644 nnnc
445 584 537 663 longa
556 585 654 663 gloria
674 586 765 646 fortis
787 586 882 647 abest.
920 591 923 605 “

145 667 281 746 Namque
304 687 393 748 agor,
416 675 450 728 ut
470 669 635 749 perplana
656 671 735 732 citus
753 665 819 728 sola
841 671 972 731 verbere
992 670 1121 746 turben,-

189 753 287 828 Qnem
309 750 395 812 celer
417 759 537 813 assueta
555 762 658 814 versat
678 754 716 814 ab
737 760 805 815 arte
826 771 912 832 puer.

144 837 210 898 Ure
233 837 334 897 ferum
356 843 389 896 et
409 843 536 916 torque,
557 836 653 898 libeat
673 856 713 897 ne
733 836 838 898 (licere
859 839 1019 917 quicquam
1124 847 1141 900 b

186 920 385 999 Magnificum
406 929 477 1002 post
498 921 590 982 baec:
609 919 737 981 horrida
757 923 851 990 verba
873 918 969 982 doma.

145 1005 243 1065 Parce
265 1010 383 1082 tamen,
403 1011 512 1085 perte
533 1005 640 1067 furtivi
661 1004 791 1066 foedera
810 1005 902 1084 lecti,

186 1087 250 1148 Per
269 1087 423 1152 Venerem
447 1107 560 1168 quaeso
583 1091 844 1168 compositumque
865 1086 964 1171 caput.

145 1170 202 1234 Ille
223 1191 297 1251 ego,
316 1191 383 1234 cum
404 1175 487 1234 tristi
507 1175 615 1234 morbo
637 1173 759 1236 defessa
780 1175 917 1253 laceres,
1076 1231 1078 1236 .

189 1257 236 1317 'fe
257 1256 345 1317 dicor
365 1257 445 1317 votis
466 1259 616 1336 eripuisse
637 1258 730 1335 meis,
1092 1265 1139 1318 γ10
1230 1267 1235 1292 ¹

145 1341 274 1422 Ipseque
296 1347 329 1401 te
352 1342 466 1402 circum
487 1339 616 1400 lustravi
637 1339 756 1402 sulfure
776 1360 870 1420 puro,

187 1425 330 1486 Carmine
349 1443 416 1484 onnr
437 1425 555 1502 magico
574 1422 798 1504 praecinuisset
818 1443 907 1484 annua

143 1509 211 1591 lpse
233 1510 396 1588 procurari
414 1525 455 1568 ne
476 1513 603 1588 possent
624 1526 713 1568 saeva
733 1525 847 1570 nocere
944 1551 949 1564 .

186 1592 324 1669 Somnia,
345 1597 396 1651 ter
416 1597 521 1652 sancta
540 1589 754 1652 deveneranda
773 1590 868 1654 mola:

142 1677 211 1758 lpse
234 1695 291 1756 ego
312 1674 433 1736 velatus·
450 1674 503 1735 iilo
524 1677 697 1755 tunicisque
718 1674 825 1738 solutis
1105 1684 1139 1746 lb

185 1761 265 1824 Vota
285 1779 394 1820 novem
415 1759 538 1820 'l'rlviae
559 1767 651 1820 nocte
672 1758 785 1823 silente
806 1755 894 1821 dedi.-

144 1845 251 1906 0mnia
271 1842 421 1925 persolvi:
443 1844 658 1905 fruiturannuc
678 1843 757 1905 alter
778 1861 897 1923 umore,

184 1930 224 1989 Et
244 1930 389 2009 precibus
411 1927 488 1990 felix
509 1929 606 1988 utitur
626 1927 683 1989 ille
704 1930 791 1988 meis.

141 2014 183 2074 Aa
204 2013 279 2073 mibi
300 2011 424 2075 felicem
444 2015 553 2091 vitam,
575 2015 601 2073 si
621 2012 703 2074 salva
723 2013 851 2092 fuisses,

76 2105 93 2122 ““
182 2097 350 2176 Fingebam
373 2096 517 2173 demens,
537 2095 594 2156 sed
614 2103 766 2166 renuente
788 2095 857 2157 deo.
1102 2103 1136 2154 20

141 2179 223 2241 Rura
245 2179 361 2256 colam‚·
379 2181 563 2259 frugumque
586 2178 687 2240 aderit
706 2199 780 2250 meo.
794 2179 883 2239 Delia
901 2184 1021 2258 custos,

184 2261 356 2324 Arcadum
378 2281 494 2327 messes
517 2262 582 2322 sole
605 2261 726 2322 calente
746 2268 847 2342 teret,

142 2347 205 2407 Aut
227 2347 302 2406 milri
323 2347 457 2406 servabit
477 2343 580 2426 plenis
599 2347 632 2407 in
650 2345 794 2410 lintribus
814 2364 886 2409 nvos

183 2428 356 2509 Pressaque
372 2427 472 2491 veloci
494 2429 622 2490 candida
643 2437 741 2491 musta
760 2428 858 2510 pede,
884 2473 887 2478 -

144 2513 334 2581 Consuescet
352 2533 514 2576 numerere
535 2533 645 2594 pecus,
661 2519 849 2575 ‘consuescet
869 2513 997 2582 amantis
1101 2523 1134 2576 lb

184 2596 333 2659 Garrulus
352 2599 386 2656 in
406 2597 546 2660 dominae
566 2597 676 2660 ludere
697 2617 790 2658 verna
809 2598 887 2658 sinu.
909 2669 911 2676 Ι

141 2681 197 2744 llla
220 2680 279 2741 deo
300 2683 380 2742 selei
398 2683 550 2761 agriculae
572 2703 629 2764 pro
652 2685 763 2744 vitibus
782 2701 884 2761 uvam,

72 2782 74 2787 ·
182 2768 243 2827 Pro
265 2771 371 2844 segete
394 2769 510 2845 spicas,
528 2787 585 2848 pro
608 2770 701 2846 grege
723 2767 809 2829 serre
831 2765 948 2848 dapem.

141 2849 307 2928 llla·regat
327 2858 470 2927 cunctos,
482 2850 539 2911 illi
561 2853 624 2912 siut
641 2853 742 2914 omnia
762 2869 870 2924 onraeq

184 2936 226 2995 Aa
245 2937 336 3012 iuvet!
349 2936 382 2994 in
404 2941 470 2994 tota
491 2952 540 2994 me
561 2934 730 3002 sibilasse
751 2933 851 2998 domo.
1099 2945 1133 2996 30

141 3018 210 3079 Huc
231 3020 335 3080 veniet
355 3017 491 3078 Messala
511 3037 613 3096 meus,
635 3021 683 3078 oui
705 3017 807 3080 dulcia
826 3039 916 3100 poma

184 3101 272 3163 Delia
294 3100 420 3162 selectis
442 3101 585 3165 detrahat
604 3104 778 3166 arboribus:
854 3139 856 3146 ,

141 3188 183 3248 Ea
203 3193 319 3246 tantum
340 3193 486 3248 venerata
505 3189 619 3264 virum,
638 3185 719 3246 huuc
741 3184 850 3248 sedula
869 3192 972 3264 curet,

183 3270 263 3331 Huic
284 3278 374 3350 paret
395 3278 487 3350 atque
509 3270 615 3350 epulas
636 3271 702 3350 ipsa
722 3272 862 3333 ministra
880 3277 976 3350 gerat.
1056 3327 1059 3337 q

140 3355 226 3416 llaec
244 3355 317 3416 mibi
335 3354 503 3434 fingebam,
526 3373 604 3434 quae
625 3373 705 3414 nnnc
726 3356 887 3432 Eurusque
908 3354 1066 3434 Notusque
1100 3363 1134 3417 35

182 3439 278 3505 lactat
298 3436 440 3500 odoratos
462 3445 532 3500 vota
552 3457 611 3520 per
631 3439 803 3504 Armenios.
