<?xml version="1.0" encoding="UTF-8"?>
<!DOCTYPE html PUBLIC "-//W3C//DTD XHTML 1.0 Transitional//EN"
    "http://www.w3.org/TR/xhtml1/DTD/xhtml1-transitional.dtd">
<html xmlns="http://www.w3.org/1999/xhtml" xml:lang="en" lang="en">
 <head>
  <title>
</title>
<meta http-equiv="Content-Type" content="text/html;charset=utf-8" />
  <meta name='ocr-system' content='tesseract 3.04.00' />
  <meta name='ocr-capabilities' content='ocr_page ocr_carea ocr_par ocr_line ocrx_word'/>
</head>
<body>
  <div class='ocr_page' id='page_1' title='image "albiitibullilib03tibugoog_0032.png"; bbox 0 0 2534 3942; ppageno 0'>
   <div class='ocr_carea' id='block_1_1' title="bbox 377 171 1106 238">
    <p class='ocr_par' dir='ltr' id='par_1_1' title="bbox 377 171 1106 238">
     <span class='ocr_line' id='line_1_1' title="bbox 377 171 1106 238; baseline -0.021 0"><span class='ocrx_word' id='word_1_1' title='bbox 377 175 521 238; x_wconf 85' lang='lat' dir='ltr'><strong>TlBULLl</strong></span> <span class='ocrx_word' id='word_1_2' title='bbox 540 174 608 236; x_wconf 83' lang='lat' dir='ltr'>LIB.</span> <span class='ocrx_word' id='word_1_3' title='bbox 624 173 646 233; x_wconf 90' lang='lat'><strong>1.</strong></span> <span class='ocrx_word' id='word_1_4' title='bbox 662 183 688 238; x_wconf 81' lang='lat'><strong>9.</strong></span> <span class='ocrx_word' id='word_1_5' title='bbox 705 183 746 238; x_wconf 87' lang='lat'><strong>10.</strong></span> <span class='ocrx_word' id='word_1_6' title='bbox 996 171 1051 235; x_wconf 53' lang='lat'><strong>¹21</strong></span> <span class='ocrx_word' id='word_1_7' title='bbox 1105 215 1106 220; x_wconf 69' lang='grc'>,</span> 
     </span>
    </p>
   </div>
   <div class='ocr_carea' id='block_1_2' title="bbox 58 345 1057 1772">
    <p class='ocr_par' dir='ltr' id='par_1_2' title="bbox 58 345 1057 1772">
     <span class='ocr_line' id='line_1_2' title="bbox 58 345 811 428; baseline -0.016 -15"><span class='ocrx_word' id='word_1_8' title='bbox 58 352 119 414; x_wconf 86' lang='lat' dir='ltr'><strong>llla</strong></span> <span class='ocrx_word' id='word_1_9' title='bbox 139 347 223 410; x_wconf 87' lang='lat' dir='ltr'><strong>nulls</strong></span> <span class='ocrx_word' id='word_1_10' title='bbox 243 352 336 428; x_wconf 87' lang='lat' dir='ltr'><strong>queat</strong></span> <span class='ocrx_word' id='word_1_11' title='bbox 355 345 464 408; x_wconf 87' lang='lat' dir='ltr'><strong>melius</strong></span> <span class='ocrx_word' id='word_1_12' title='bbox 486 354 667 404; x_wconf 76' lang='lat' dir='ltr'><strong>consumere</strong></span> <span class='ocrx_word' id='word_1_13' title='bbox 684 349 811 417; x_wconf 81' lang='lat' dir='ltr'><strong>¹noctem</strong></span> 
     </span>
     <span class='ocr_line' id='line_1_3' title="bbox 105 427 754 513; baseline -0.012 -19"><span class='ocrx_word' id='word_1_14' title='bbox 105 435 169 494; x_wconf 87' lang='lat' dir='ltr'><strong>Aut</strong></span> <span class='ocrx_word' id='word_1_15' title='bbox 190 451 314 513; x_wconf 91' lang='lat' dir='ltr'><strong>operum</strong></span> <span class='ocrx_word' id='word_1_16' title='bbox 334 429 433 492; x_wconf 84' lang='lat' dir='ltr'><strong>varias</strong></span> <span class='ocrx_word' id='word_1_17' title='bbox 454 428 642 509; x_wconf 73' lang='lat' dir='ltr'>disposuisse</span> <span class='ocrx_word' id='word_1_18' title='bbox 662 427 754 487; x_wconf 83' lang='lat' dir='ltr'><strong>vices.</strong></span> 
     </span>
     <span class='ocr_line' id='line_1_4' title="bbox 62 511 1055 597; baseline -0.006 -17"><span class='ocrx_word' id='word_1_19' title='bbox 62 521 178 580; x_wconf 86' lang='lat' dir='ltr'><strong>Attus</strong></span> <span class='ocrx_word' id='word_1_20' title='bbox 197 513 379 597; x_wconf 80' lang='lat' dir='ltr'><strong>perdidicit:</strong></span> <span class='ocrx_word' id='word_1_21' title='bbox 401 534 459 576; x_wconf 90' lang='lat' dir='ltr'><strong>nec</strong></span> <span class='ocrx_word' id='word_1_22' title='bbox 480 524 528 591; x_wconf 90' lang='lat' dir='ltr'><strong>tu,</strong></span> <span class='ocrx_word' id='word_1_23' title='bbox 551 511 747 589; x_wconf 73' lang='lat' dir='ltr'><strong>stultissime,</strong></span> <span class='ocrx_word' id='word_1_24' title='bbox 768 511 882 590; x_wconf 84' lang='lat' dir='ltr'><strong>sentis,</strong></span> <span class='ocrx_word' id='word_1_25' title='bbox 1022 522 1055 574; x_wconf 78' lang='lat'><strong>65</strong></span> 
     </span>
     <span class='ocr_line' id='line_1_5' title="bbox 107 591 864 676; baseline -0.011 -14"><span class='ocrx_word' id='word_1_26' title='bbox 107 603 182 662; x_wconf 83' lang='lat' dir='ltr'><strong>Cum</strong></span> <span class='ocrx_word' id='word_1_27' title='bbox 202 591 261 660; x_wconf 73' lang='lat' dir='ltr'><strong>tilii</strong></span> <span class='ocrx_word' id='word_1_28' title='bbox 282 619 344 659; x_wconf 91' lang='lat' dir='ltr'><strong>non</strong></span> <span class='ocrx_word' id='word_1_29' title='bbox 364 597 456 660; x_wconf 88' lang='lat' dir='ltr'><strong>solita</strong></span> <span class='ocrx_word' id='word_1_30' title='bbox 476 616 586 676; x_wconf 86' lang='lat' dir='ltr'><strong>corpus</strong></span> <span class='ocrx_word' id='word_1_31' title='bbox 605 599 643 656; x_wconf 87' lang='lat' dir='ltr'><strong>ab</strong></span> <span class='ocrx_word' id='word_1_32' title='bbox 663 602 730 656; x_wconf 85' lang='lat' dir='ltr'><strong>arte</strong></span> <span class='ocrx_word' id='word_1_33' title='bbox 752 602 864 657; x_wconf 86' lang='lat' dir='ltr'><strong>movet.</strong></span> 
     </span>
     <span class='ocr_line' id='line_1_6' title="bbox 63 680 807 765; baseline -0.011 -19"><span class='ocrx_word' id='word_1_34' title='bbox 63 687 154 747; x_wconf 89' lang='lat' dir='ltr'><strong>Tune</strong></span> <span class='ocrx_word' id='word_1_35' title='bbox 173 691 262 765; x_wconf 88' lang='lat' dir='ltr'><strong>putas</strong></span> <span class='ocrx_word' id='word_1_36' title='bbox 278 683 366 744; x_wconf 90' lang='lat' dir='ltr'><strong>illam</strong></span> <span class='ocrx_word' id='word_1_37' title='bbox 385 703 444 764; x_wconf 89' lang='lat' dir='ltr'><strong>pro</strong></span> <span class='ocrx_word' id='word_1_38' title='bbox 464 688 497 743; x_wconf 90' lang='lat' dir='ltr'><strong>te</strong></span> <span class='ocrx_word' id='word_1_39' title='bbox 517 680 681 761; x_wconf 74' lang='lat' dir='ltr'><strong>disponere</strong></span> <span class='ocrx_word' id='word_1_40' title='bbox 703 680 807 739; x_wconf 87' lang='lat' dir='ltr'><strong>crines</strong></span> 
     </span>
     <span class='ocr_line' id='line_1_7' title="bbox 104 764 823 846; baseline -0.008 -16"><span class='ocrx_word' id='word_1_41' title='bbox 104 772 168 830; x_wconf 86' lang='lat' dir='ltr'><strong>Aut</strong></span> <span class='ocrx_word' id='word_1_42' title='bbox 186 776 297 831; x_wconf 87' lang='lat' dir='ltr'><strong>tenues</strong></span> <span class='ocrx_word' id='word_1_43' title='bbox 320 767 416 828; x_wconf 86' lang='lat' dir='ltr'><strong>denso</strong></span> <span class='ocrx_word' id='word_1_44' title='bbox 435 772 563 846; x_wconf 85' lang='lat' dir='ltr'><strong>pectere</strong></span> <span class='ocrx_word' id='word_1_45' title='bbox 584 764 677 826; x_wconf 83' lang='lat' dir='ltr'><strong>dente</strong></span> <span class='ocrx_word' id='word_1_46' title='bbox 699 764 823 826; x_wconf 70' lang='lat' dir='ltr'><strong>comas?</strong></span> 
     </span>
     <span class='ocr_line' id='line_1_8' title="bbox 61 847 965 933; baseline -0.009 -17"><span class='ocrx_word' id='word_1_47' title='bbox 61 856 124 916; x_wconf 87' lang='lat' dir='ltr'><strong>lsta</strong></span> <span class='ocrx_word' id='word_1_48' title='bbox 141 854 219 914; x_wconf 84' lang='lat' dir='ltr'><strong>haee</strong></span> <span class='ocrx_word' id='word_1_49' title='bbox 242 850 410 933; x_wconf 78' lang='lat' dir='ltr'><strong>persuadet</strong></span> <span class='ocrx_word' id='word_1_50' title='bbox 428 851 539 928; x_wconf 80' lang='lat' dir='ltr'><strong>iacies,</strong></span> <span class='ocrx_word' id='word_1_51' title='bbox 561 867 696 926; x_wconf 86' lang='lat' dir='ltr'><strong>suroque</strong></span> <span class='ocrx_word' id='word_1_52' title='bbox 716 847 852 909; x_wconf 85' lang='lat' dir='ltr'><strong>lacertos</strong></span> <span class='ocrx_word' id='word_1_53' title='bbox 961 849 965 856; x_wconf 91' lang='lat'>&#39;</span> 
     </span>
     <span class='ocr_line' id='line_1_9' title="bbox 105 934 1057 1015; baseline -0.005 -16"><span class='ocrx_word' id='word_1_54' title='bbox 105 936 231 1000; x_wconf 88' lang='lat' dir='ltr'><strong>Vinciat</strong></span> <span class='ocrx_word' id='word_1_55' title='bbox 252 941 285 996; x_wconf 88' lang='lat' dir='ltr'><strong>et</strong></span> <span class='ocrx_word' id='word_1_56' title='bbox 304 935 400 1014; x_wconf 79' lang='lat' dir='ltr'><strong>Tyrio</strong></span> <span class='ocrx_word' id='word_1_57' title='bbox 421 934 552 1015; x_wconf 85' lang='lat' dir='ltr'><strong>prodeat</strong></span> <span class='ocrx_word' id='word_1_58' title='bbox 573 941 643 1014; x_wconf 79' lang='lat' dir='ltr'><strong>epta</strong></span> <span class='ocrx_word' id='word_1_59' title='bbox 659 935 736 995; x_wconf 79' lang='lat' dir='ltr'><strong>sins.</strong></span> <span class='ocrx_word' id='word_1_60' title='bbox 1023 941 1057 996; x_wconf 77' lang='lat'><strong>70</strong></span> 
     </span>
     <span class='ocr_line' id='line_1_10' title="bbox 61 1015 882 1099; baseline -0.006 -17"><span class='ocrx_word' id='word_1_61' title='bbox 61 1021 130 1082; x_wconf 91' lang='lat' dir='ltr'><strong>Non</strong></span> <span class='ocrx_word' id='word_1_62' title='bbox 152 1022 226 1099; x_wconf 82' lang='lat' dir='ltr'><strong>tibi,</strong></span> <span class='ocrx_word' id='word_1_63' title='bbox 248 1017 304 1081; x_wconf 87' lang='lat' dir='ltr'><strong>sed</strong></span> <span class='ocrx_word' id='word_1_64' title='bbox 321 1019 423 1080; x_wconf 85' lang='lat' dir='ltr'><strong>iuveni</strong></span> <span class='ocrx_word' id='word_1_65' title='bbox 443 1019 562 1080; x_wconf 86' lang='lat' dir='ltr'><strong>cuidem</strong></span> <span class='ocrx_word' id='word_1_66' title='bbox 580 1017 645 1079; x_wconf 85' lang='lat' dir='ltr'><strong>vult</strong></span> <span class='ocrx_word' id='word_1_67' title='bbox 665 1015 748 1078; x_wconf 79' lang='lat' dir='ltr'><strong>bello</strong></span> <span class='ocrx_word' id='word_1_68' title='bbox 764 1016 882 1098; x_wconf 77' lang='lat' dir='ltr'><strong>videri,</strong></span> 
     </span>
     <span class='ocr_line' id='line_1_11' title="bbox 104 1101 886 1184; baseline -0.005 -19"><span class='ocrx_word' id='word_1_69' title='bbox 104 1106 261 1166; x_wconf 78' lang='lat' dir='ltr'><strong>Devoveat</strong></span> <span class='ocrx_word' id='word_1_70' title='bbox 277 1123 334 1184; x_wconf 92' lang='lat' dir='ltr'><strong>pro</strong></span> <span class='ocrx_word' id='word_1_71' title='bbox 357 1121 416 1182; x_wconf 86' lang='lat' dir='ltr'><strong>quo</strong></span> <span class='ocrx_word' id='word_1_72' title='bbox 439 1119 568 1183; x_wconf 82' lang='lat' dir='ltr'><strong>remque</strong></span> <span class='ocrx_word' id='word_1_73' title='bbox 590 1101 774 1182; x_wconf 81' lang='lat' dir='ltr'><strong>domumque</strong></span> <span class='ocrx_word' id='word_1_74' title='bbox 792 1108 886 1162; x_wconf 84' lang='lat' dir='ltr'><strong>tuam</strong></span> 
     </span>
     <span class='ocr_line' id='line_1_12' title="bbox 62 1185 917 1268; baseline -0.004 -19"><span class='ocrx_word' id='word_1_75' title='bbox 62 1190 129 1250; x_wconf 87' lang='lat' dir='ltr'><strong>Nec</strong></span> <span class='ocrx_word' id='word_1_76' title='bbox 149 1189 224 1248; x_wconf 81' lang='lat' dir='ltr'><strong>facit</strong></span> <span class='ocrx_word' id='word_1_77' title='bbox 243 1189 301 1248; x_wconf 90' lang='lat' dir='ltr'><strong>hoo</strong></span> <span class='ocrx_word' id='word_1_78' title='bbox 320 1188 411 1262; x_wconf 82' lang='lat' dir='ltr'><strong>vitio,</strong></span> <span class='ocrx_word' id='word_1_79' title='bbox 433 1185 489 1249; x_wconf 85' lang='lat' dir='ltr'><strong>sed</strong></span> <span class='ocrx_word' id='word_1_80' title='bbox 510 1205 641 1268; x_wconf 83' lang='lat' dir='ltr'><strong>corpora</strong></span> <span class='ocrx_word' id='word_1_81' title='bbox 660 1186 752 1246; x_wconf 82' lang='lat' dir='ltr'><strong>loeds</strong></span> <span class='ocrx_word' id='word_1_82' title='bbox 771 1185 917 1268; x_wconf 75' lang='lat' dir='ltr'><strong>podagra</strong></span> 
     </span>
     <span class='ocr_line' id='line_1_13' title="bbox 106 1269 961 1352; baseline -0.005 -19"><span class='ocrx_word' id='word_1_83' title='bbox 106 1273 148 1333; x_wconf 80' lang='lat' dir='ltr'><strong>nt</strong></span> <span class='ocrx_word' id='word_1_84' title='bbox 169 1273 249 1332; x_wconf 90' lang='lat' dir='ltr'><strong>senis</strong></span> <span class='ocrx_word' id='word_1_85' title='bbox 268 1270 424 1352; x_wconf 83' lang='lat' dir='ltr'><strong>amplexus</strong></span> <span class='ocrx_word' id='word_1_86' title='bbox 443 1272 526 1331; x_wconf 90' lang='lat' dir='ltr'><strong>culta</strong></span> <span class='ocrx_word' id='word_1_87' title='bbox 544 1269 648 1352; x_wconf 89' lang='lat' dir='ltr'><strong>puella</strong></span> <span class='ocrx_word' id='word_1_88' title='bbox 665 1271 754 1349; x_wconf 79' lang='lat' dir='ltr'><strong>fugit.</strong></span> <span class='ocrx_word' id='word_1_89' title='bbox 958 1285 961 1292; x_wconf 86' lang='grc'><strong><em>’</em></strong></span> 
     </span>
     <span class='ocr_line' id='line_1_14' title="bbox 63 1352 1057 1436; baseline 0 -20"><span class='ocrx_word' id='word_1_90' title='bbox 63 1357 145 1416; x_wconf 83' lang='lat' dir='ltr'><strong>Huic</strong></span> <span class='ocrx_word' id='word_1_91' title='bbox 163 1363 263 1417; x_wconf 74' lang='lat' dir='ltr'><strong>tannen</strong></span> <span class='ocrx_word' id='word_1_92' title='bbox 285 1356 426 1416; x_wconf 87' lang='lat' dir='ltr'><strong>accubuit</strong></span> <span class='ocrx_word' id='word_1_93' title='bbox 447 1363 553 1416; x_wconf 85' lang='lat' dir='ltr'><strong>noster</strong></span> <span class='ocrx_word' id='word_1_94' title='bbox 573 1373 667 1434; x_wconf 70' lang='lat' dir='ltr'><strong>puero</strong></span> <span class='ocrx_word' id='word_1_95' title='bbox 688 1355 770 1415; x_wconf 86' lang='lat' dir='ltr'><strong>hunc</strong></span> <span class='ocrx_word' id='word_1_96' title='bbox 791 1373 847 1436; x_wconf 79' lang='lat' dir='ltr'><strong>ego</strong></span> <span class='ocrx_word' id='word_1_97' title='bbox 869 1352 991 1416; x_wconf 68' lang='lat' dir='ltr'><strong>medam</strong></span> <span class='ocrx_word' id='word_1_98' title='bbox 1025 1362 1057 1416; x_wconf 81' lang='lat'><strong>75</strong></span> 
     </span>
     <span class='ocr_line' id='line_1_15' title="bbox 107 1439 957 1520; baseline -0.001 -19"><span class='ocrx_word' id='word_1_99' title='bbox 107 1441 182 1502; x_wconf 81' lang='lat' dir='ltr'><strong>Cum</strong></span> <span class='ocrx_word' id='word_1_100' title='bbox 203 1440 341 1500; x_wconf 85' lang='lat' dir='ltr'><strong>trucibus</strong></span> <span class='ocrx_word' id='word_1_101' title='bbox 357 1439 514 1501; x_wconf 83' lang='lat' dir='ltr'><strong>Venerem</strong></span> <span class='ocrx_word' id='word_1_102' title='bbox 534 1439 663 1518; x_wconf 78' lang='lat' dir='ltr'><strong>iungere</strong></span> <span class='ocrx_word' id='word_1_103' title='bbox 683 1457 775 1520; x_wconf 81' lang='lat' dir='ltr'><strong>posse</strong></span> <span class='ocrx_word' id='word_1_104' title='bbox 796 1441 884 1500; x_wconf 82' lang='lat' dir='ltr'><strong>feris.</strong></span> <span class='ocrx_word' id='word_1_105' title='bbox 953 1483 957 1491; x_wconf 58' lang='grc'><strong><em>,</em></strong></span> 
     </span>
     <span class='ocr_line' id='line_1_16' title="bbox 61 1519 855 1604; baseline 0.001 -20"><span class='ocrx_word' id='word_1_106' title='bbox 61 1523 274 1585; x_wconf 80' lang='lat' dir='ltr'><strong>Blanditiasne</strong></span> <span class='ocrx_word' id='word_1_107' title='bbox 293 1541 376 1584; x_wconf 86' lang='lat' dir='ltr'><strong>meas</strong></span> <span class='ocrx_word' id='word_1_108' title='bbox 398 1519 466 1582; x_wconf 86' lang='lat' dir='ltr'><strong>aliis</strong></span> <span class='ocrx_word' id='word_1_109' title='bbox 487 1529 520 1582; x_wconf 92' lang='lat' dir='ltr'><strong>tu</strong></span> <span class='ocrx_word' id='word_1_110' title='bbox 538 1520 675 1584; x_wconf 84' lang='lat' dir='ltr'><strong>rendere</strong></span> <span class='ocrx_word' id='word_1_111' title='bbox 695 1541 855 1604; x_wconf 76' lang='lat' dir='ltr'><strong>esaum,</strong></span> 
     </span>
     <span class='ocr_line' id='line_1_17' title="bbox 106 1605 772 1670; baseline -0.002 -2"><span class='ocrx_word' id='word_1_112' title='bbox 106 1608 196 1670; x_wconf 82' lang='lat' dir='ltr'><strong>Tune</strong></span> <span class='ocrx_word' id='word_1_113' title='bbox 218 1606 286 1668; x_wconf 83' lang='lat' dir='ltr'><strong>aliis</strong></span> <span class='ocrx_word' id='word_1_114' title='bbox 308 1605 435 1670; x_wconf 89' lang='lat' dir='ltr'><strong>demens</strong></span> <span class='ocrx_word' id='word_1_115' title='bbox 455 1606 558 1668; x_wconf 86' lang='lat' dir='ltr'><strong>osenla</strong></span> <span class='ocrx_word' id='word_1_116' title='bbox 578 1608 663 1669; x_wconf 76' lang='lat' dir='ltr'><strong>ferre</strong></span> <span class='ocrx_word' id='word_1_117' title='bbox 681 1609 772 1668; x_wconf 73' lang='lat' dir='ltr'><strong>meai</strong></span> 
     </span>
     <span class='ocr_line' id='line_1_18' title="bbox 63 1685 987 1772; baseline 0.003 -20"><span class='ocrx_word' id='word_1_118' title='bbox 63 1692 154 1752; x_wconf 88' lang='lat' dir='ltr'><strong>Tuae</strong></span> <span class='ocrx_word' id='word_1_119' title='bbox 174 1691 279 1770; x_wconf 87' lang='lat' dir='ltr'><strong>flebis,</strong></span> <span class='ocrx_word' id='word_1_120' title='bbox 302 1685 374 1752; x_wconf 80' lang='lat' dir='ltr'><strong>cum&#39;</strong></span> <span class='ocrx_word' id='word_1_121' title='bbox 389 1709 438 1752; x_wconf 88' lang='lat' dir='ltr'><strong>me</strong></span> <span class='ocrx_word' id='word_1_122' title='bbox 458 1691 590 1752; x_wconf 87' lang='lat' dir='ltr'><strong>vinctum</strong></span> <span class='ocrx_word' id='word_1_123' title='bbox 609 1708 687 1772; x_wconf 91' lang='lat' dir='ltr'><strong>puer</strong></span> <span class='ocrx_word' id='word_1_124' title='bbox 706 1689 789 1752; x_wconf 83' lang='lat' dir='ltr'><strong>alter</strong></span> <span class='ocrx_word' id='word_1_125' title='bbox 806 1693 934 1754; x_wconf 77' lang='lat' dir='ltr'><strong>hebebit</strong></span> <span class='ocrx_word' id='word_1_126' title='bbox 980 1713 987 1730; x_wconf 92' lang='lat'><strong>·</strong></span> 
     </span>
    </p>
   </div>
   <div class='ocr_carea' id='block_1_3' title="bbox 106 1776 1180 1856">
    <p class='ocr_par' dir='ltr' id='par_1_3' title="bbox 106 1776 1180 1856">
     <span class='ocr_line' id='line_1_19' title="bbox 106 1776 1180 1856; baseline 0.001 -20"><span class='ocrx_word' id='word_1_127' title='bbox 106 1776 148 1836; x_wconf 82' lang='lat' dir='ltr'><strong>Et</strong></span> <span class='ocrx_word' id='word_1_128' title='bbox 169 1781 257 1855; x_wconf 78' lang='lat' dir='ltr'><strong>geret</strong></span> <span class='ocrx_word' id='word_1_129' title='bbox 272 1776 305 1835; x_wconf 90' lang='lat' dir='ltr'><strong>in</strong></span> <span class='ocrx_word' id='word_1_130' title='bbox 326 1791 539 1855; x_wconf 72' lang='lat' dir='ltr'><strong>regnaregna</strong></span> <span class='ocrx_word' id='word_1_131' title='bbox 558 1778 690 1856; x_wconf 82' lang='lat' dir='ltr'><strong>superba</strong></span> <span class='ocrx_word' id='word_1_132' title='bbox 708 1784 771 1838; x_wconf 90' lang='lat' dir='ltr'><strong>tuo.</strong></span> <span class='ocrx_word' id='word_1_133' title='bbox 1023 1783 1058 1836; x_wconf 75' lang='lat'><strong>80</strong></span> <span class='ocrx_word' id='word_1_134' title='bbox 1176 1815 1180 1826; x_wconf 55' lang='grc' dir='ltr'>ι</span> 
     </span>
    </p>
   </div>
   <div class='ocr_carea' id='block_1_4' title="bbox 63 1860 925 2026">
    <p class='ocr_par' dir='ltr' id='par_1_4' title="bbox 63 1860 925 2026">
     <span class='ocr_line' id='line_1_20' title="bbox 63 1860 925 1941; baseline 0.001 -22"><span class='ocrx_word' id='word_1_135' title='bbox 63 1860 107 1919; x_wconf 87' lang='lat' dir='ltr'><strong>At</strong></span> <span class='ocrx_word' id='word_1_136' title='bbox 127 1866 179 1920; x_wconf 90' lang='lat' dir='ltr'><strong>tua</strong></span> <span class='ocrx_word' id='word_1_137' title='bbox 199 1867 262 1920; x_wconf 89' lang='lat' dir='ltr'><strong>tum</strong></span> <span class='ocrx_word' id='word_1_138' title='bbox 282 1878 330 1923; x_wconf 87' lang='lat' dir='ltr'><strong>me</strong></span> <span class='ocrx_word' id='word_1_139' title='bbox 350 1877 452 1940; x_wconf 80' lang='lat' dir='ltr'><strong>poena</strong></span> <span class='ocrx_word' id='word_1_140' title='bbox 471 1862 571 1938; x_wconf 86' lang='lat' dir='ltr'><strong>iuret,</strong></span> <span class='ocrx_word' id='word_1_141' title='bbox 592 1862 772 1941; x_wconf 80' lang='lat' dir='ltr'><strong>Venerique</strong></span> <span class='ocrx_word' id='word_1_142' title='bbox 792 1861 925 1922; x_wconf 84' lang='lat' dir='ltr'><strong>merenti</strong></span> 
     </span>
     <span class='ocr_line' id='line_1_21' title="bbox 106 1943 741 2026; baseline 0.011 -23"><span class='ocrx_word' id='word_1_143' title='bbox 106 1943 181 2004; x_wconf 82' lang='lat' dir='ltr'><strong>Fixa</strong></span> <span class='ocrx_word' id='word_1_144' title='bbox 200 1949 288 2006; x_wconf 77' lang='lat' dir='ltr'><strong>notet</strong></span> <span class='ocrx_word' id='word_1_145' title='bbox 309 1963 395 2008; x_wconf 85' lang='lat' dir='ltr'><strong>casus</strong></span> <span class='ocrx_word' id='word_1_146' title='bbox 414 1962 508 2006; x_wconf 88' lang='lat' dir='ltr'><strong>aurea</strong></span> <span class='ocrx_word' id='word_1_147' title='bbox 528 1944 627 2026; x_wconf 86' lang='lat' dir='ltr'><strong>palma</strong></span> <span class='ocrx_word' id='word_1_148' title='bbox 646 1963 741 2010; x_wconf 88' lang='lat' dir='ltr'><strong>meos.</strong></span> 
     </span>
    </p>
   </div>
   <div class='ocr_carea' id='block_1_5' title="bbox 65 2025 838 2225">
    <p class='ocr_par' dir='ltr' id='par_1_5' title="bbox 65 2025 838 2225">
     <span class='ocr_line' id='line_1_22' title="bbox 65 2025 838 2090; baseline 0.004 -3"><span class='ocrx_word' id='word_1_149' title='bbox 65 2025 170 2088; x_wconf 76' lang='lat' dir='ltr'><strong>‘Hanc</strong></span> <span class='ocrx_word' id='word_1_150' title='bbox 190 2029 248 2089; x_wconf 89' lang='lat' dir='ltr'><strong>tibi</strong></span> <span class='ocrx_word' id='word_1_151' title='bbox 266 2027 371 2090; x_wconf 80' lang='lat' dir='ltr'><strong>fallaci</strong></span> <span class='ocrx_word' id='word_1_152' title='bbox 389 2028 545 2090; x_wconf 88' lang='lat' dir='ltr'><strong>resolutus</strong></span> <span class='ocrx_word' id='word_1_153' title='bbox 567 2039 670 2090; x_wconf 85' lang='lat' dir='ltr'><strong>smor&#39;e</strong></span> <span class='ocrx_word' id='word_1_154' title='bbox 693 2029 838 2090; x_wconf 83' lang='lat' dir='ltr'><strong>Tibullus</strong></span> 
     </span>
     <span class='ocr_line' id='line_1_23' title="bbox 105 2111 826 2225; baseline 0.004 -53"><span class='ocrx_word' id='word_1_155' title='bbox 105 2111 235 2174; x_wconf 81' lang='lat' dir='ltr'><strong>Dedicat</strong></span> <span class='ocrx_word' id='word_1_156' title='bbox 256 2119 290 2174; x_wconf 86' lang='lat' dir='ltr'><strong>et</strong></span> <span class='ocrx_word' id='word_1_157' title='bbox 305 2118 398 2192; x_wconf 24' lang='lat' dir='ltr'><strong>*gruta</strong></span> <span class='ocrx_word' id='word_1_158' title='bbox 418 2115 477 2191; x_wconf 89' lang='lat' dir='ltr'><strong>sis,</strong></span> <span class='ocrx_word' id='word_1_159' title='bbox 497 2113 574 2225; x_wconf 71' lang='lat' dir='ltr'><strong>(lea,¹</strong></span> <span class='ocrx_word' id='word_1_160' title='bbox 593 2121 698 2174; x_wconf 85' lang='lat' dir='ltr'><strong>mente</strong></span> <span class='ocrx_word' id='word_1_161' title='bbox 716 2117 826 2195; x_wconf 71' lang='lat' dir='ltr'><strong>rogat?</strong></span> 
     </span>
    </p>
   </div>
   <div class='ocr_carea' id='block_1_6' title="bbox 536 2327 581 2394">
    <p class='ocr_par' dir='ltr' id='par_1_6' title="bbox 536 2327 581 2394">
     <span class='ocr_line' id='line_1_24' title="bbox 536 2327 581 2394; baseline 0.022 -1"><span class='ocrx_word' id='word_1_162' title='bbox 536 2327 581 2394; x_wconf 89' lang='lat' dir='ltr'><strong>X.</strong></span> 
     </span>
    </p>
   </div>
   <div class='ocr_carea' id='block_1_7' title="bbox 19 2412 1059 3118">
    <p class='ocr_par' dir='ltr' id='par_1_7' title="bbox 19 2412 1059 3118">
     <span class='ocr_line' id='line_1_25' title="bbox 19 2412 923 2526; baseline 0.004 -22"><span class='ocrx_word' id='word_1_163' title='bbox 19 2487 20 2496; x_wconf 28' lang='lat' dir='ltr'><strong>a</strong></span> <span class='ocrx_word' id='word_1_164' title='bbox 67 2412 145 2516; x_wconf 71' lang='lat' dir='ltr'><strong>(lun</strong></span> <span class='ocrx_word' id='word_1_165' title='bbox 165 2443 241 2522; x_wconf 83' lang='lat' dir='ltr'><strong>luit,</strong></span> <span class='ocrx_word' id='word_1_166' title='bbox 258 2443 432 2506; x_wconf 83' lang='lat' dir='ltr'><strong>horrendos</strong></span> <span class='ocrx_word' id='word_1_167' title='bbox 451 2445 568 2526; x_wconf 88' lang='lat' dir='ltr'><strong>primus</strong></span> <span class='ocrx_word' id='word_1_168' title='bbox 588 2446 640 2525; x_wconf 86' lang='lat' dir='ltr'><strong>qul</strong></span> <span class='ocrx_word' id='word_1_169' title='bbox 658 2444 789 2526; x_wconf 83' lang='lat' dir='ltr'><strong>protulit</strong></span> <span class='ocrx_word' id='word_1_170' title='bbox 809 2448 923 2508; x_wconf 72' lang='lat' dir='ltr'><strong>enses?</strong></span> 
     </span>
     <span class='ocr_line' id='line_1_26' title="bbox 108 2527 771 2606; baseline 0.003 -18"><span class='ocrx_word' id='word_1_171' title='bbox 108 2530 203 2606; x_wconf 81' lang='lat' dir='ltr'><strong>Quam</strong></span> <span class='ocrx_word' id='word_1_172' title='bbox 223 2527 308 2588; x_wconf 82' lang='lat' dir='ltr'><strong>ierus</strong></span> <span class='ocrx_word' id='word_1_173' title='bbox 329 2536 363 2591; x_wconf 87' lang='lat' dir='ltr'><strong>et</strong></span> <span class='ocrx_word' id='word_1_174' title='bbox 382 2549 456 2592; x_wconf 87' lang='lat' dir='ltr'><strong>vere</strong></span> <span class='ocrx_word' id='word_1_175' title='bbox 476 2530 599 2592; x_wconf 86' lang='lat' dir='ltr'><strong>lcrreus</strong></span> <span class='ocrx_word' id='word_1_176' title='bbox 620 2528 675 2590; x_wconf 88' lang='lat' dir='ltr'><strong>ille</strong></span> <span class='ocrx_word' id='word_1_177' title='bbox 696 2529 771 2592; x_wconf 80' lang='lat' dir='ltr'><strong>fuis!</strong></span> 
     </span>
     <span class='ocr_line' id='line_1_27' title="bbox 66 2610 927 2696; baseline -0.001 -18"><span class='ocrx_word' id='word_1_178' title='bbox 66 2617 146 2678; x_wconf 83' lang='lat' dir='ltr'><strong>Tum</strong></span> <span class='ocrx_word' id='word_1_179' title='bbox 168 2610 278 2672; x_wconf 85' lang='lat' dir='ltr'><strong>caedes</strong></span> <span class='ocrx_word' id='word_1_180' title='bbox 299 2613 453 2676; x_wconf 89' lang='lat' dir='ltr'><strong>hominum</strong></span> <span class='ocrx_word' id='word_1_181' title='bbox 474 2616 598 2694; x_wconf 81' lang='lat' dir='ltr'><strong>generi,</strong></span> <span class='ocrx_word' id='word_1_182' title='bbox 619 2623 685 2674; x_wconf 88' lang='lat' dir='ltr'><strong>tum</strong></span> <span class='ocrx_word' id='word_1_183' title='bbox 704 2613 822 2695; x_wconf 87' lang='lat' dir='ltr'><strong>praelis</strong></span> <span class='ocrx_word' id='word_1_184' title='bbox 841 2624 927 2696; x_wconf 87' lang='lat' dir='ltr'><strong>nata,</strong></span> 
     </span>
     <span class='ocr_line' id='line_1_28' title="bbox 108 2695 841 2780; baseline 0 -20"><span class='ocrx_word' id='word_1_185' title='bbox 108 2699 187 2760; x_wconf 84' lang='lat' dir='ltr'><strong>Tum</strong></span> <span class='ocrx_word' id='word_1_186' title='bbox 208 2696 332 2756; x_wconf 83' lang='lat' dir='ltr'><strong>brevior</strong></span> <span class='ocrx_word' id='word_1_187' title='bbox 353 2695 439 2758; x_wconf 77' lang='lat' dir='ltr'><strong>dirue</strong></span> <span class='ocrx_word' id='word_1_188' title='bbox 454 2701 567 2761; x_wconf 86' lang='lat' dir='ltr'><strong>mortis</strong></span> <span class='ocrx_word' id='word_1_189' title='bbox 588 2707 695 2780; x_wconf 86' lang='lat' dir='ltr'><strong>aperta</strong></span> <span class='ocrx_word' id='word_1_190' title='bbox 715 2701 764 2760; x_wconf 85' lang='lat' dir='ltr'><strong>vis</strong></span> <span class='ocrx_word' id='word_1_191' title='bbox 784 2706 841 2760; x_wconf 88' lang='lat' dir='ltr'><strong>est.</strong></span> 
     </span>
     <span class='ocr_line' id='line_1_29' title="bbox 67 2778 1059 2864; baseline 0.003 -20"><span class='ocrx_word' id='word_1_192' title='bbox 67 2785 113 2844; x_wconf 77' lang='lat' dir='ltr'><strong>An</strong></span> <span class='ocrx_word' id='word_1_193' title='bbox 134 2778 212 2841; x_wconf 88' lang='lat' dir='ltr'><strong>nihil</strong></span> <span class='ocrx_word' id='word_1_194' title='bbox 233 2778 289 2840; x_wconf 85' lang='lat' dir='ltr'><strong>ille</strong></span> <span class='ocrx_word' id='word_1_195' title='bbox 309 2781 404 2864; x_wconf 87' lang='lat' dir='ltr'><strong>miser</strong></span> <span class='ocrx_word' id='word_1_196' title='bbox 423 2784 559 2844; x_wconf 74' lang='lat' dir='ltr'><strong>meruit?</strong></span> <span class='ocrx_word' id='word_1_197' title='bbox 580 2803 636 2846; x_wconf 88' lang='lat' dir='ltr'><strong>nos</strong></span> <span class='ocrx_word' id='word_1_198' title='bbox 657 2783 697 2844; x_wconf 87' lang='lat' dir='ltr'><strong>ad</strong></span> <span class='ocrx_word' id='word_1_199' title='bbox 716 2782 800 2844; x_wconf 81' lang='lat' dir='ltr'><strong>molo</strong></span> <span class='ocrx_word' id='word_1_200' title='bbox 816 2791 921 2846; x_wconf 78' lang='lat' dir='ltr'><strong>nostro</strong></span> <span class='ocrx_word' id='word_1_201' title='bbox 1042 2797 1059 2847; x_wconf 82' lang='lat'><strong>5</strong></span> 
     </span>
     <span class='ocr_line' id='line_1_30' title="bbox 108 2865 852 2943; baseline 0.003 -14"><span class='ocrx_word' id='word_1_202' title='bbox 108 2867 280 2943; x_wconf 65' lang='lat' dir='ltr'><strong>Venimus,</strong></span> <span class='ocrx_word' id='word_1_203' title='bbox 301 2865 333 2925; x_wconf 87' lang='lat' dir='ltr'><strong>ln</strong></span> <span class='ocrx_word' id='word_1_204' title='bbox 350 2882 454 2924; x_wconf 78' lang='lat' dir='ltr'><strong>saevas</strong></span> <span class='ocrx_word' id='word_1_205' title='bbox 474 2866 555 2943; x_wconf 87' lang='lat' dir='ltr'><strong>quod</strong></span> <span class='ocrx_word' id='word_1_206' title='bbox 575 2867 663 2929; x_wconf 85' lang='lat' dir='ltr'><strong>dedit</strong></span> <span class='ocrx_word' id='word_1_207' title='bbox 682 2867 739 2928; x_wconf 89' lang='lat' dir='ltr'><strong>ille</strong></span> <span class='ocrx_word' id='word_1_208' title='bbox 759 2867 852 2931; x_wconf 80' lang='lat' dir='ltr'><strong>foras.</strong></span> 
     </span>
     <span class='ocr_line' id='line_1_31' title="bbox 69 2949 892 3033; baseline 0.005 -23"><span class='ocrx_word' id='word_1_209' title='bbox 69 2951 176 3010; x_wconf 78' lang='lat' dir='ltr'><strong>Divitis</strong></span> <span class='ocrx_word' id='word_1_210' title='bbox 196 2949 257 3010; x_wconf 89' lang='lat' dir='ltr'><strong>hoo</strong></span> <span class='ocrx_word' id='word_1_211' title='bbox 273 2950 380 3010; x_wconf 83' lang='lat' dir='ltr'><strong>vitium</strong></span> <span class='ocrx_word' id='word_1_212' title='bbox 401 2955 450 3009; x_wconf 87' lang='lat' dir='ltr'><strong>est</strong></span> <span class='ocrx_word' id='word_1_213' title='bbox 470 2951 545 3009; x_wconf 87' lang='lat' dir='ltr'><strong>suri.</strong></span> <span class='ocrx_word' id='word_1_214' title='bbox 566 2951 631 3011; x_wconf 86' lang='lat' dir='ltr'><strong>Nec</strong></span> <span class='ocrx_word' id='word_1_215' title='bbox 651 2951 733 3012; x_wconf 90' lang='lat' dir='ltr'><strong>bella</strong></span> <span class='ocrx_word' id='word_1_216' title='bbox 750 2953 892 3033; x_wconf 87' lang='lat' dir='ltr'><strong>fuerunt,</strong></span> 
     </span>
     <span class='ocr_line' id='line_1_32' title="bbox 110 3033 912 3118; baseline 0.006 -26"><span class='ocrx_word' id='word_1_217' title='bbox 110 3033 242 3110; x_wconf 83' lang='lat' dir='ltr'><strong>Faginus</strong></span> <span class='ocrx_word' id='word_1_218' title='bbox 263 3035 382 3096; x_wconf 76' lang='lat' dir='ltr'><strong>astabat</strong></span> <span class='ocrx_word' id='word_1_219' title='bbox 401 3053 469 3094; x_wconf 91' lang='lat' dir='ltr'><strong>oum</strong></span> <span class='ocrx_word' id='word_1_220' title='bbox 490 3035 621 3114; x_wconf 80' lang='lat' dir='ltr'><strong>scyphus</strong></span> <span class='ocrx_word' id='word_1_221' title='bbox 641 3043 711 3096; x_wconf 89' lang='lat' dir='ltr'><strong>ante</strong></span> <span class='ocrx_word' id='word_1_222' title='bbox 732 3035 838 3118; x_wconf 87' lang='lat' dir='ltr'><strong>dapes,</strong></span> <span class='ocrx_word' id='word_1_223' title='bbox 909 3059 912 3068; x_wconf 58' lang='lat'><strong>¹</strong></span> 
     </span>
    </p>
   </div>
   <div class='ocr_carea' id='block_1_8' title="bbox 67 3115 1060 3537">
    <p class='ocr_par' dir='ltr' id='par_1_8' title="bbox 67 3115 1060 3537">
     <span class='ocr_line' id='line_1_33' title="bbox 67 3115 1021 3202; baseline 0.005 -24"><span class='ocrx_word' id='word_1_224' title='bbox 67 3117 136 3178; x_wconf 90' lang='lat' dir='ltr'><strong>Non</strong></span> <span class='ocrx_word' id='word_1_225' title='bbox 154 3134 254 3194; x_wconf 82' lang='lat' dir='ltr'><strong>arces,</strong></span> <span class='ocrx_word' id='word_1_226' title='bbox 274 3136 337 3176; x_wconf 88' lang='lat' dir='ltr'><strong>non</strong></span> <span class='ocrx_word' id='word_1_227' title='bbox 357 3115 455 3179; x_wconf 85' lang='lat' dir='ltr'><strong>vallus</strong></span> <span class='ocrx_word' id='word_1_228' title='bbox 475 3125 559 3197; x_wconf 86' lang='lat' dir='ltr'><strong>crat,</strong></span> <span class='ocrx_word' id='word_1_229' title='bbox 577 3137 774 3199; x_wconf 85' lang='lat' dir='ltr'><strong>somnumque</strong></span> <span class='ocrx_word' id='word_1_230' title='bbox 793 3123 922 3202; x_wconf 77' lang='lat' dir='ltr'><strong>petebat</strong></span> <span class='ocrx_word' id='word_1_231' title='bbox 1018 3139 1021 3144; x_wconf 87' lang='lat'>·</span> 
     </span>
     <span class='ocr_line' id='line_1_34' title="bbox 110 3200 1060 3281; baseline 0.005 -21"><span class='ocrx_word' id='word_1_232' title='bbox 110 3200 239 3260; x_wconf 87' lang='lat' dir='ltr'><strong>Securus</strong></span> <span class='ocrx_word' id='word_1_233' title='bbox 259 3203 357 3262; x_wconf 84' lang='lat' dir='ltr'><strong>varias</strong></span> <span class='ocrx_word' id='word_1_234' title='bbox 379 3200 439 3262; x_wconf 82' lang='lat' dir='ltr'><strong>dux</strong></span> <span class='ocrx_word' id='word_1_235' title='bbox 459 3203 562 3281; x_wconf 81' lang='lat' dir='ltr'><strong>gregis</strong></span> <span class='ocrx_word' id='word_1_236' title='bbox 583 3204 665 3264; x_wconf 86' lang='lat' dir='ltr'><strong>inter</strong></span> <span class='ocrx_word' id='word_1_237' title='bbox 683 3221 764 3266; x_wconf 86' lang='lat' dir='ltr'><strong>oves.</strong></span> <span class='ocrx_word' id='word_1_238' title='bbox 1027 3214 1060 3266; x_wconf 87' lang='lat'><strong>10</strong></span> 
     </span>
     <span class='ocr_line' id='line_1_35' title="bbox 69 3282 892 3365; baseline 0.002 -19"><span class='ocrx_word' id='word_1_239' title='bbox 69 3285 156 3346; x_wconf 84' lang='lat' dir='ltr'><strong>Tunc</strong></span> <span class='ocrx_word' id='word_1_240' title='bbox 175 3282 249 3343; x_wconf 83' lang='lat' dir='ltr'><strong>milri</strong></span> <span class='ocrx_word' id='word_1_241' title='bbox 268 3285 330 3346; x_wconf 83' lang='lat' dir='ltr'><strong>vita</strong></span> <span class='ocrx_word' id='word_1_242' title='bbox 349 3286 551 3365; x_wconf 83' lang='lat' dir='ltr'><strong>foret‚.vulgi</strong></span> <span class='ocrx_word' id='word_1_243' title='bbox 572 3306 630 3348; x_wconf 90' lang='lat' dir='ltr'><strong>neo</strong></span> <span class='ocrx_word' id='word_1_244' title='bbox 650 3290 750 3350; x_wconf 86' lang='lat' dir='ltr'><strong>tristia</strong></span> <span class='ocrx_word' id='word_1_245' title='bbox 769 3307 892 3350; x_wconf 87' lang='lat' dir='ltr'><strong>nossem</strong></span> 
     </span>
     <span class='ocr_line' id='line_1_36' title="bbox 109 3368 857 3434; baseline 0.003 -4"><span class='ocrx_word' id='word_1_246' title='bbox 109 3369 203 3430; x_wconf 86' lang='lat' dir='ltr'><strong>Arma</strong></span> <span class='ocrx_word' id='word_1_247' title='bbox 223 3384 282 3426; x_wconf 89' lang='lat' dir='ltr'><strong>nec</strong></span> <span class='ocrx_word' id='word_1_248' title='bbox 303 3368 454 3431; x_wconf 83' lang='lat' dir='ltr'><strong>audissem</strong></span> <span class='ocrx_word' id='word_1_249' title='bbox 471 3371 565 3432; x_wconf 88' lang='lat' dir='ltr'><strong>corde</strong></span> <span class='ocrx_word' id='word_1_250' title='bbox 586 3373 718 3434; x_wconf 86' lang='lat' dir='ltr'><strong>micante</strong></span> <span class='ocrx_word' id='word_1_251' title='bbox 738 3376 857 3433; x_wconf 78' lang='lat' dir='ltr'><strong>tubam:</strong></span> 
     </span>
     <span class='ocr_line' id='line_1_37' title="bbox 68 3447 951 3537; baseline 0.001 -25"><span class='ocrx_word' id='word_1_252' title='bbox 68 3452 152 3514; x_wconf 88' lang='lat' dir='ltr'><strong>Nune</strong></span> <span class='ocrx_word' id='word_1_253' title='bbox 169 3448 209 3513; x_wconf 87' lang='lat' dir='ltr'><strong>ad</strong></span> <span class='ocrx_word' id='word_1_254' title='bbox 229 3447 312 3512; x_wconf 83' lang='lat' dir='ltr'><strong>bella</strong></span> <span class='ocrx_word' id='word_1_255' title='bbox 331 3455 455 3534; x_wconf 72' lang='lat' dir='ltr'><strong>uther,</strong></span> <span class='ocrx_word' id='word_1_256' title='bbox 477 3462 509 3518; x_wconf 86' lang='lat' dir='ltr'><strong>ct</strong></span> <span class='ocrx_word' id='word_1_257' title='bbox 530 3457 590 3520; x_wconf 80' lang='lat' dir='ltr'><strong>lum</strong></span> <span class='ocrx_word' id='word_1_258' title='bbox 610 3458 678 3537; x_wconf 79' lang='lat' dir='ltr'><strong>quis</strong></span> <span class='ocrx_word' id='word_1_259' title='bbox 701 3457 831 3518; x_wconf 82' lang='lat' dir='ltr'><strong>forsitan</strong></span> <span class='ocrx_word' id='word_1_260' title='bbox 852 3455 951 3514; x_wconf 87' lang='lat' dir='ltr'><strong>lsostis</strong></span> 
     </span>
    </p>
   </div>
   <div class='ocr_carea' id='block_1_9' title="bbox 0 0 1280 3942">
    <p class='ocr_par' dir='ltr' id='par_1_9' title="bbox 0 0 1280 3942">
     <span class='ocr_line' id='line_1_38' title="bbox 0 0 1280 3942; baseline 0 0"><span class='ocrx_word' id='word_1_261' title='bbox 0 0 1280 3942; x_wconf 95' lang='lat' dir='ltr'><strong> </strong></span> 
     </span>
    </p>
   </div>
  </div>
 </body>
</html>
