2534 3942
79 143 84 154 ’
195 173 257 250 ‘18
516 135 920 254 ἰιιιιιιιιιιιερ
1035 153 1045 178 '

257 353 301 416 Ut
321 352 426 414 ioveaa
447 351 533 416 molli
553 351 667 432 frigida
685 357 823 416 membra
844 355 922 437 sinu.
1181 373 1220 429 30

217 438 328 500 Carior
349 445 399 498 est
419 459 493 498 auro
515 440 649 516 iuvenis,
672 439 720 498 eui
741 438 821 500 leuia
841 439 963 519 fulgent

259 521 322 582 0ra
341 541 402 584 nec
425 522 580 605 amplexus
602 541 711 601 aspera
729 524 824 585 barba
842 527 927 586 terit.

215 607 296 667 Huic
317 613 351 666 tu
373 608 540 669 candentes
561 606 689 666 humero
711 627 849 688 suppone
869 609 1018 691 lacertos,

258 691 300 750 lit
320 710 428 770 regum
448 708 574 770 magnae
595 688 805 770 despiciantur
825 713 909 774 opes.
1091 767 1093 774 γ

216 777 259 837 At
278 774 385 838 Venus
405 776 524 835 invenit
543 792 640 853 puero
662 779 861 839 succumbere
881 779 1004 858 furtim,
1179 793 1216 845 35

259 861 336 920 Dum
352 866 450 921 tumet
470 865 502 918 et
523 863 649 918 teneros
672 863 808 920 conserit
828 882 924 942 usque
946 866 1057 944 sinus,

215 946 257 1007 Et
278 944 352 1004 dare
374 940 530 1004 anhelanti
551 943 755 1020 pugnantibus
777 943 901 1005 humida
921 946 1034 1027 linguis
1117 969 1119 973 ·

259 1027 370 1087 Oscula
391 1028 477 1086 et·in
499 1023 581 1085 collo
603 1027 702 1104 figere
723 1025 816 1085 dente
837 1035 934 1088 notas.

216 1113 284 1172 Non
305 1109 383 1190 lapis
404 1111 483 1168 hauc
504 1127 701 1188 gemmaeque
722 1111 840 1186 iuvant,
868 1130 946 1191 quae
967 1114 1085 1194 frigore
1104 1118 1186 1180 sola

204 1258 207 1268 ,
258 1195 396 1262 Dormiat
417 1199 450 1253 et
468 1191 546 1282 nulli
569 1194 610 1253 sit
631 1191 781 1273 cupienda
800 1194 878 1253 viro·
1177 1213 1213 1264 40

217 1280 288 1339 Heu
310 1297 380 1338 sero
401 1284 562 1350 revocatur
585 1297 669 1338 amor
690 1295 822 1356 seroque
837 1278 976 1357 iuventa,

201 1421 203 1426 .
259 1365 336 1425 Cum
357 1367 444 1422 vetus
464 1361 575 1422 infecit
597 1381 672 1422 caua
691 1369 815 1423 senecta
836 1367 934 1444 caput.

218 1449 298 1509 Tum
318 1446 452 1506 studium
471 1445 589 1507 formae
610 1441 675 1507 esta
698 1453 867 1507 comatum
889 1453 1038 1526 mutatur,
1059 1455 1093 1508 ut
1115 1471 1215 1514 annos
1242 1503 1243 1510 ,

258 1527 438 1592 Dissimulet
456 1529 548 1590 viridi
570 1531 686 1591 cortice
707 1533 804 1591 tincta
824 1531 938 1592 nucisz‘

217 1614 348 1676 Tollere
370 1621 434 1674 tum
456 1633 528 1674 cura
549 1620 597 1675 est
618 1614 704 1675 albos
726 1636 743 1674 a
763 1617 861 1696 stirpe
884 1615 1013 1696 capillos
1177 1626 1213 1679 45
1242 1627 1243 1642 ³

258 1700 300 1758 Et
320 1698 430 1771 laniem
446 1698 577 1779 ,dempta
597 1698 680 1779 pelle
702 1700 825 1760 referre
847 1719 965 1762 novam.
1053 1749 1056 1754 .

217 1785 258 1844 At
278 1789 328 1860 tu,
349 1781 419 1841 dum
437 1783 529 1862 primi
542 1784 642 1842 *floret
661 1785 718 1843 tibi
739 1785 887 1862 temporis
908 1791 1008 1862 aetas,

258 1867 373 1927 [iteres
395 1885 458 1926 uon
477 1866 566 1925 tardo
587 1865 702 1926 labitur
722 1865 777 1926 illa
795 1865 886 1946 pede.
1009 1913 1010 1916 ,

218 1950 271 2010 Sei
292 1950 467 2010 Marathum
486 1955 629 2027 torques,
651 1967 747 2028 puero
770 1969 847 2028 quae
870 1950 967 2027 gloria
988 1952 1067 2012 victo
1090 1955 1160 2014 esti

260 2035 293 2095 In
313 2040 435 2094 veteres
458 2039 525 2092 esto
548 2032 639 2110 dura,
659 2031 778 2112 puella,
799 2052 897 2094 senes.
948 2075 954 2090 ·
1074 2073 1080 2087 ι
1179 2049 1215 2100 50

218 2119 314 2178 Parce
335 2136 448 2197 precor
466 2124 593 2177 tenero:
612 2136 674 2176 non
694 2116 742 2176 illi
764 2119 883 2178 sontica
903 2137 993 2180 causa
1013 2124 1076 2196 est,
1118 2169 1130 2190 .

261 2201 325 2262 Sed
344 2202 455 2260 nimius
475 2200 541 2261 luto
561 2220 691 2281 corpora
711 2203 804 2280 tingit
824 2222 917 2264 amor.
942 2273 947 2276 ,

143 2335 147 2342 .
219 2285 279 2346 Vel
297 2287 391 2346 miser
413 2286 533 2346 absenti
553 2293 681 2345 maestas
700 2306 787 2364 quam
808 2305 900 2366 saepe
923 2283 1066 2366 querelas

260 2369 395 2431 Coniicit
414 2377 447 2430 et
466 2369 600 2430 lacrimis
621 2370 720 2429 omnia
739 2370 831 2450 plena
853 2371 991 2431 madent!

219 2453 320 2531 ‘Quid
338 2473 387 2514 me
409 2453 569 2534 speruisi'
594 2454 644 2513 ait.
667 2460 808 2533 ‘poterat
827 2453 965 2514 custodia
984 2455 1079 2517 vinci:
1177 2467 1210 2518 55

259 2539 328 2619 Ipse
351 2537 438 2598 dedit
459 2536 576 2616 cupidis
598 2536 709 2597 fallere
730 2555 821 2617 posse
843 2535 928 2596 deus.

219 2619 299 2682 Nota
319 2622 424 2685 Venus
443 2622 555 2681 furtiva
576 2621 652 2680 mihi
671 2628 735 2696 est,
757 2626 791 2678 ut
810 2618 890 2680 lenia
912 2629 1019 2699 agatur

261 2705 411 2786 Spiritus,
433 2710 467 2764 ut
485 2723 545 2770 nec
565 2702 640 2763 deut
662 2701 767 2762 oscula
787 2711 874 2784 rapta
896 2724 1019 2767 sonuma

218 2791 260 2851 Et
281 2809 404 2869 possum
424 2787 524 2849 media
546 2787 680 2868 quamvis
701 2788 853 2867 obrepere
875 2797 967 2850 nocte
1073 2811 1077 2826 ·

260 2874 302 2933 Et
323 2874 456 2953 strepitu
475 2871 564 2932 nullo
586 2868 664 2932 clam
682 2889 824 2932 reserare
842 2873 937 2934 iores.
1008 2919 1011 2934 ι
1173 2883 1207 2937 60

220 2957 300 3035 Quid
320 2964 450 3036 prosunt
470 2963 567 3035 artes,
589 2956 781 3017 miseramur
803 2958 922 3038 spernit
942 2961 1093 3016 amantem

172 3037 175 3046 ’
204 3073 206 3086 1
260 3042 301 3101 Et
322 3042 402 3120 sugit
420 3061 458 3102 ex
477 3042 544 3121 ipso
566 3058 654 3101 saeva
673 3039 778 3121 puella
797 3042 889 3101 torol

219 3125 279 3188 Vel
300 3145 366 3186 eum
387 3127 556 3207 promittit,
579 3127 679 3186 subito
701 3125 759 3186 sed
776 3123 895 3205 perlida
911 3121 1008 3202 fallit,

260 3211 318 3271 Ειι
338 3211 414 3271 milri
435 3231 495 3271 nox
515 3208 620 3271 multis
640 3209 808 3290 evigilanda
828 3207 925 3269 malis.

219 3294 296 3354 llum
316 3295 391 3356 mihi
410 3302 568 3357 venturam
587 3297 685 3375 lingo,
708 3293 909 3375 quodcunque
928 3299 1085 3374 movetur,
1172 3302 1204 3359 65

158 3379 165 3394 ’
260 3376 347 3439 Illius
369 3379 558 3458 credetunc
581 3380 719 3440 sonuisse
739 3377 872 3460 pedem!
944 3395 948 3408 ·
1086 3381 1089 3388 '

220 3461 356 3534 Desistas
376 3461 555 3543 lacrimare,
575 3483 670 3546 puer:
693 3482 754 3525 non
775 3464 927 3544 frangitur
947 3462 1018 3544 illa,
1095 3522 1097 3528 ,
