2534 3942
428 181 574 246 TIBULLI
595 183 662 246 LIB.
680 183 721 246 [t
732 195 758 248 1.·
1035 182 1089 243 Ι’25
1166 191 1174 208 ‘

89 353 178 415 Rura
199 354 304 414 feruut
325 369 457 431 messes,
479 349 570 413 calidi
591 371 660 413 cum
679 351 791 414 sideria
812 358 899 413 ae'atu

119 438 272 517 lleponit
291 439 382 500 flavas
404 457 503 497 annuo
524 445 610 496 terra
631 456 741 498 comae.

94 521 180 582 Rure
200 521 277 583 levia
296 540 391 582 verno
405 522 513 595 'liores
526 522 591 600 apis
609 522 724 600 ingerit
746 519 851 599 alveo,

140 603 302 684 Compleat
322 612 356 664 ut
374 604 458 666 dulci
477 603 585 664 redula
607 603 700 665 melle
722 605 816 664 invoa.

94 688 240 768 Agricola
259 689 380 750 assiduo
403 691 533 768 primum
554 691 682 750 aatiatua
702 696 805 749 aratro

136 774 277 834 (lentavit
299 779 385 834 certo
407 775 522 832 roetico
541 775 636 832 verba
656 773 737 851 pede

92 859 134 920 Et
153 864 237 916 eatur
257 859 357 917 arenti
377 859 508 936 primum
526 865 577 918 eat
597 857 767 916 moduletur
788 874 883 916 avena

137 941 286 1018 Carmen,
308 947 342 1000 ut
363 949 486 1000 ornator
509 939 628 1004 diceret
650 949 721 1001 rute
742 940 835 1017 deor,

92 1024 239 1104 Agricola
258 1030 292 1084 et
311 1022 403 1085 minio
426 1027 574 1104 suffusus,
597 1025 734 1101 bacche,
755 1024 878 1086 rubenti

135 1109 258 1168 Primus
277 1110 436 1189 inexperta
459 1109 545 1170 duxit
565 1112 601 1169 ab
623 1117 690 1169 orte
713 1111 833 1170 clroroc

93 1193 175 1254 Huic
198 1192 285 1252 dutus
305 1214 323 1252 a
342 1191 454 1273 pleno,
475 1192 674 1254 memorabile
694 1213 817 1270 munus,
840 1190 911 1253 ovili

137 1273 225 1337 *Dux
245 1279 367 1356 pecoris
387 1279 640 1338 hircusouxerat
659 1279 763 1338 hircus
785 1293 867 1338 ovea.
929 1323 931 1335 ι

75 1361 177 1422 -Rurc
192 1381 271 1440 puer
289 1380 384 1422 veruo
405 1363 537 1440 primum
559 1362 598 1422 de
619 1364 698 1422 flore
720 1381 863 1422 coronam

135 1446 226 1506 Fecit
243 1450 276 1505 et
295 1447 429 1524 antiquio
449 1447 595 1526 imposuit
613 1447 752 1506 Laribus.

92 1527 177 1590 Rure
199 1529 291 1589 etiam
312 1531 431 1590 teucria
452 1549 554 1590 curam
573 1531 746 1592 cxliibituru
765 1527 881 1611 puellis

134 1610 233 1675 Molle
255 1613 337 1691 gerit
356 1620 445 1692 tergo
466 1611 569 1674 lucido
586 1613 684 1674 vellus
705 1616 779 1676 ovia.

91 1699 173 1758 Hinc
194 1701 227 1756 et
247 1697 400 1758 femineus
415 1695 504 1758 labor
522 1704 586 1777 eat,
605 1699 680 1760 hinc
700 1717 796 1779 pensa
816 1695 980 1777 colusque,

133 1781 234 1841 Furor
255 1787 287 1841 et
308 1783 446 1862 apposito
466 1780 582 1862 pollice
602 1792 706 1844 vereat
727 1801 818 1863 opus:

93 1865 196 1942 Atque
219 1863 320 1944 aliqua
341 1863 479 1927 assiduae
500 1868 614 1929 textrix
635 1875 762 1949 operata
780 1867 940 1927 Minervae
1002 1941 1006 1950 .
1074 1877 1082 1900 ¹·

137 1949 262 2028 (lentot,
285 1958 317 2010 et
339 1949 466 2031 appuleo
489 1949 553 2013 tela
574 1959 663 2014 acuat
683 1951 794 2013 lutere.
829 1975 832 1984 ·

75 2033 159 2116 ⁴lpse
182 2052 304 2112 quoque
326 2035 409 2095 inter
431 2054 520 2114 agros
540 2038 686 2114 interque
706 2039 843 2096 armenta
865 2031 984 2114 Cupido

14 2135 15 2142 ¹
83 2127 85 2132 '
133 2117 229 2178 Natus
250 2125 283 2178 et
303 2117 466 2180 indomitae
489 2119 602 2180 dieimr
623 2123 707 2180 inter
726 2139 829 2198 equas.

90 2198 158 2261 illio
177 2199 304 2260 indocto
325 2204 456 2282 primum
478 2222 512 2262 oc
534 2206 672 2264 exercuit
694 2223 781 2264 arcu:

133 2283 195 2343 Hei
217 2284 308 2362 mihi,
330 2291 419 2362 quam
439 2283 546 2346 doctae
566 2305 647 2347 nunc
667 2289 761 2348 habet
779 2285 836 2346 illc
856 2283 976 2346 manua!

14 2425 15 2430 ,
91 2364 157 2425 Nec
174 2365 332 2445 pecudes,
352 2367 437 2430 velut
457 2375 546 2445 aute,
566 2372 662 2450 petit:
683 2371 786 2430 fixisse
807 2368 927 2450 puellas
963 2390 967 2397 ’

14 2499 16 2520 2
61 2522 62 2527 ἵ
136 2449 239 2510 Gestit
261 2457 294 2511 et
307 2450 442 2513 oudwer
462 2453 674 2534 perdomuisse
694 2456 786 2514 viror.
812 2507 813 2510 ,

24 2599 27 2604 ,
92 2532 153 2594 Hic
172 2534 275 2594 iuveni
297 2534 430 2597 detraxit
449 2557 541 2618 oper,
562 2540 614 2599 bic
636 2538 742 2600 dicere
762 2538 852 2599 iumit

49 2622 53 2631 '
134 2617 243 2680 Limau
265 2617 304 2678 ad
323 2621 420 2682 iratae
440 2625 535 2684 verba
553 2622 698 2704 pudendo
716 2641 836 2684 senem:

91 2701 160 2764 Hoc
182 2701 261 2763 duee
282 2703 424 2765 cuaatode
440 2708 547 2768 furtim
568 2715 759 2786 transgressa
778 2709 915 2770 iacenter

133 2785 184 2846 Ad
204 2788 346 2850 iuvenem
368 2792 505 2852 tenebris
528 2790 593 2853 aola
610 2790 716 2872 puella
736 2793 821 2852 veuit

92 2869 134 2930 ut
153 2869 286 2950 pedibus
306 2877 483 2951 praetentat
502 2877 564 2936 iter
583 2895 730 2956 suspenso
751 2877 879 2956 timore,

134 2953 409 3034 Explorat'cueoao
427 2961 475 3017 eui
497 2978 602 3018 manus
624 2968 694 3020 ante
715 2961 788 3020 viae.

93 3035 142 3096 Ah
162 3039 283 3118 miseri,
306 3059 382 3119 quoa
403 3041 454 3101 bic
475 3044 610 3120 graviter
631 3043 707 3104 deuo
728 3043 833 3122 urget!
855 3043 961 3106 atille

134 3117 239 3201 Felix,
259 3125 308 3183 cui
328 3122 467 3204 placidus
487 3124 604 3186 leniter
623 3128 709 3188 afflat
730 3129 833 3188 Amor.
1051 3141 1085 3191 bo

92 3202 224 3282 Sancte,
245 3209 315 3268 veui
336 3207 465 3288 dapibus
486 3211 593 3289 festia,
615 3209 671 3271 aed
691 3227 772 3292 pone
794 3214 919 3290 sagittas

133 3289 176 3349 ut
195 3289 305 3369 procul
326 3291 472 3355 ardentes
493 3296 565 3355 binc
586 3315 697 3375 precor
719 3295 797 3356 abde
818 3298 912 3357 facea.

92 3373 157 3437 Vos
180 3371 335 3436 celebrem
357 3386 477 3439 cantate
499 3378 591 3440 deum
609 3381 777 3460 pecorique
797 3385 904 3440 vocate

121 3458 236 3520 ,Voeer
257 3455 357 3537 palum
375 3465 498 3542 pecori,
519 3462 595 3524 elom
615 3465 675 3526 aibi
697 3467 826 3544 quiaque
844 3469 943 3528 vocet.
