2534 3942
161 490 364 628 nunu
398 492 690 596 umnam
726 491 1125 630 (tuentum

381 791 389 810 ὓ
462 691 599 756 LIBER
621 690 826 758 TERTIUS.

547 858 753 870 ——p——n

630 979 657 1043 Ι.

148 1061 410 1154 MartieRomani
428 1061 528 1156 ¹festae
550 1115 663 1158 venere
685 1095 833 1159 kalendae

191 1179 355 1257 (Exoriena
377 1180 490 1238 nostris
511 1180 562 1240 iaie
583 1180 643 1240 fuit
663 1199 756 1240 annus
778 1179 872 1258 avia),

148 1265 189 1326 Et
209 1281 282 1339 vaga
303 1281 383 1321 nune
403 1269 488 1322 eerta
508 1262 684 1324 discurrunt
704 1262 839 1343 undique
860 1281 972 1344 pompa

188 1346 311 1424 Perque
327 1347 391 1406 viaa
412 1347 497 1408 urbis
519 1367 645 1410 muuera
666 1366 784 1428 perque
806 1347 929 1408 dumea:

95 1438 98 1446 '
149 1432 267 1508 Dicite,
289 1429 448 1508 Pierides,
470 1451 600 1512 quonam
621 1431 752 1492 donetur
773 1433 890 1492 honere
1121 1443 1137 1493 5

191 1515 252 1574 Seu
273 1534 357 1592 mea,
377 1533 433 1574 aen
452 1515 562 1594 fallor,
583 1527 653 1576 earu
672 1516 791 1576 Neaera
811 1523 922 1578 tamen.

150 1599 292 1660 Carmine
311 1598 480 1676 formosae,
501 1601 603 1678 pretio
625 1601 786 1680 capiuntur
804 1619 926 1659 avarae:

191 1681 347 1759 Gaudeat,
367 1689 406 1771 ut¹
420 1681 510 1760 digna
531 1691 595 1760 est,
616 1685 753 1744 versibus
774 1681 830 1747 illa
849 1684 935 1743 mein.

148 1767 245 1828 Lutea
262 1763 318 1825 aed
338 1765 457 1824 niveum
478 1766 611 1827 involvat
629 1769 804 1826 membrana
817 1764 975 1846 libellum,

190 1849 330 1909 Pumieet
350 1855 383 1908 et
404 1867 493 1908 eanaa
514 1848 641 1909 tondeat
662 1857 733 1909 ante
753 1869 854 1909 comae

149 1933 331 2010 Summaque
351 1938 510 2013 praetexat
530 1935 631 2008 tenuis
652 1933 773 2010 fastigia
794 1934 931 2009 chartae,
1034 1989 1035 1996 ,

191 2015 311 2080 indicet
329 2021 364 2076 ut
383 2033 493 2076 nomeu
513 2013 620 2076 littera
639 2015 737 2093 facta,
759 2022 859 2092 tuum,

149 2101 252 2178 Atque
273 2101 356 2158 inter
378 2100 513 2178 geminae
533 2101 696 2181 pingantur
718 2117 831 2160 cornua
852 2098 989 2162 irontee:

192 2185 243 2244 Sie
262 2184 377 2243 etenim
397 2191 548 2263 comptum
570 2185 694 2244 mittere
717 2189 842 2263 oportet
863 2201 947 2262 opus.

148 2269 211 2329 Per
231 2287 301 2345 vna,
324 2272 464 2327 auctores
482 2268 571 2328 huius
592 2268 667 2328 mihi
688 2267 845 2344 carminis,
868 2285 922 2326 oro

194 2351 417 2430 Castaliamque
440 2353 573 2412 umbram
595 2352 777 2430 Pieriosque
789 2349 895 2428 laeua,

141 2427 195 2497 ite
218 2433 338 2494 domum
360 2433 535 2514 eulimnque
554 2433 601 2495 illi
623 2434 733 2494 donate
754 2433 909 2514 libellum,

142 2562 145 2568 ,
193 2518 279 2578 Sicut
298 2520 373 2578 erit:
395 2517 497 2579 nullus
519 2517 634 2579 defluat
653 2517 726 2578 inde
747 2517 844 2580 color.

149 2601 206 2665 illa
226 2601 302 2662 mihi
322 2600 457 2677 referet,
478 2603 504 2661 ei
524 2604 624 2662 nostri
643 2608 746 2661 mutua
767 2620 840 2661 eura
860 2608 909 2661 eat
929 2595 933 2604 ’

191 2685 241 2745 An
261 2685 377 2761 minor,
398 2703 436 2742 an
458 2691 523 2744 totu
543 2692 671 2764 pectore
693 2678 870 2744 deciderim.
1107 2690 1142 2744 20

151 2767 214 2831 Sed
234 2769 365 2848 primum
384 2770 524 2828 meritam
542 2767 628 2846 larga
650 2766 760 2828 donate
781 2767 891 2829 salute

192 2852 296 2930 Atque
317 2852 394 2912 haee
416 2853 565 2912 sumeaao
588 2852 681 2912 dicite
702 2853 795 2912 verba
817 2871 901 2913 aanor

85 2971 86 2974 =
151 2937 258 2996 ‘Haec
280 2936 338 2995 tibi
359 2936 406 2996 vir
429 2934 597 3015 quendam,
617 2956 698 2997 nune
718 2937 832 3013 irater,
854 2942 936 2997 easta
956 2933 1091 3010 Neaera,

192 3021 293 3082 Mittit
313 3023 346 3078 et
364 3019 495 3100 accipiat
517 3039 642 3080 munera
659 3040 751 3100 parva
770 3025 875 3098 rogat,

138 3103 266 3182 ‘Teque
287 3104 349 3163 auia
370 3103 451 3164 iurat
472 3125 571 3166 earam
593 3107 686 3182 magia
708 3120 776 3163 esse
797 3099 957 3180 medmlm,
1107 3110 1139 3162 25
1252 3160 1253 3185 ,

194 3187 264 3248 Sive
287 3187 346 3247 sibi
366 3190 497 3248 coniunx
518 3190 582 3248 aive
602 3188 704 3248 futura
723 3205 819 3246 soror.

154 3270 219 3332 Sed
239 3272 342 3351 patius
364 3273 510 3332 coniunx:
528 3273 618 3332 huius
640 3266 726 3350 apem
745 3269 876 3330 nominis
896 3265 945 3328 illi

194 3355 327 3416 Auferet
345 3357 480 3418 extincto
500 3354 616 3438 pallida
635 3353 714 3414 Ditis
737 3353 834 3430 aqua?

556 3503 751 3518 —0—--u-*t-
