2534 3942
211 157 252 220 20
555 156 698 218 Tlssvffl
717 155 786 218 ΠΒ.
802 157 824 218 1.
841 165 867 261 ⁹¹.

210 323 279 404 Ipse
297 321 374 385 deus
395 324 488 385 tacita
508 324 650 404 permisit
668 322 771 402 lingua
789 325 946 404 ιιιιιιιιο,
1170 335 1207 388 25

251 407 370 468 Ederet
390 414 424 468 ut
445 407 541 471 multe
561 407 662 468 libers
679 409 773 468 verba
794 429 894 470 mero:
944 423 955 440 '¹

210 492 279 571 lpse
301 490 375 552 deus
397 512 501 553 somus
524 492 654 554 domitus
675 493 819 554 emittere
839 513 945 556 recem

251 576 342 638 Iussit
362 583 395 636 et
414 577 526 638 inuitus
546 577 627 636 faeta
647 574 781 654 tegenda
802 576 909 657 loqui?
944 571 947 580 ’

211 659 296 720 Haec
314 679 370 739 ego
393 659 547 721 dicebam:
568 678 648 718 nune
669 679 719 722 me
736 662 859 723 flevisse
879 659 1075 742 loquentem,

253 744 340 803 Nune
360 742 456 824 pudet
478 743 516 804 ιιι
536 751 663 804 teneros
683 748 883 823 procubuisse
904 744 1010 828 pedes.
1102 787 1106 796 ·
1168 755 1206 810 30

211 827 299 887 Tunc
319 829 393 887 mibi
413 828 533 887 iurabas
553 825 668 888 nullius
689 827 792 888 divitis
813 832 879 890 auri
929 845 940 863 ⁶

252 911 409 988 Pondere,
430 930 491 972 non
512 912 654 990 gemmis,
673 909 809 972 vendere
829 913 910 972 velle
931 913 1041 993 iidem,

210 995 277 1055 Nou
295 995 353 1053 tibi
373 996 399 1054 si
419 995 553 1074 pretium
574 995 738 1074 Campania
755 1002 840 1055 terra
861 996 1003 1077 daretur,

250 1078 318 1137 Non
339 1079 395 1137 tibi
416 1080 443 1138 si
463 1079 574 1139 Baeehi
595 1099 668 1138 eura
687 1077 838 1138 Falernus
860 1097 941 1156 ager.

209 1159 275 1221 illis
298 1163 437 1241 eriperes
457 1159 559 1223 selbis
581 1163 656 1226 mibi
677 1160 780 1222 sidera
799 1161 876 1222 eseli

251 1244 371 1305 Lucere
392 1252 424 1305 et
441 1264 531 1325 puras
552 1245 690 1307 fulminis
711 1262 780 1306 esse
801 1248 874 1304 vias.

211 1328 292 1406 Quin
314 1331 405 1389 etiam
426 1331 537 1390 flebas:
561 1335 592 1390 at
612 1348 673 1389 nun
695 1347 752 1408 ege
771 1328 884 1389 fallere
901 1326 1008 1389 doetus

253 1413 426 1492 Tergebam
446 1415 607 1473 humentes
629 1410 774 1473 credulus
796 1432 893 1492 usque
914 1431 1015 1491 genas.

212 1496 292 1575 Quid
312 1498 437 1576 iselam,
456 1499 515 1558 uisi
537 1505 570 1558 st
590 1500 658 1576 ipse
678 1498 792 1558 iures'
783 1515 815 1557 ιιι
835 1516 939 1558 aurare
960 1496 1103 1579 puellae?

253 1581 315 1641 Sed
335 1600 446 1681 precor
466 1578 606 1660 exemplu
627 1582 668 1641 ιιι
686 1581 764 1642 levis
782 1581 838 1642 illa
856 1589 920 1642 tuo.
1166 1591 1204 1642 40

211 1665 237 1725 0
261 1666 417 1743 quotiens,
439 1667 599 1726 verbisne
619 1667 777 1744 quisquam
798 1666 937 1726 senseius
958 1673 1055 1743 esset,

249 1748 319 1828 Ipse
338 1767 440 1808 eomes
460 1747 555 1808 multa
575 1747 690 1810 luminu
709 1756 801 1809 noete
822 1748 894 1808 tuli!

211 1832 309 1911 Saepe
330 1833 500 1912 insperanti
521 1834 606 1894 uenit
626 1833 684 1892 tibi
705 1850 833 1892 munere
852 1840 957 1893 nostro

251 1916 293 1975 Et
311 1914 402 1975 latuit
423 1915 538 1978 clausas
557 1920 627 1996 pust
647 1915 795 1996 edopertu
813 1916 907 1975 furer.

100 2068 104 2074 .
212 1999 291 2059 Tum
312 2001 404 2060 miser
424 2001 545 2076 interii,
566 1997 661 2062 stulte
683 2000 815 2060 conlisus
835 2001 945 2058 amari:
1116 1992 1119 2000 ’
1166 2012 1202 2061 45

252 2084 327 2143 Nam
346 2089 492 2162 poteram
506 2082 544 2143 ad
565 2082 692 2162 laqueus
713 2085 832 2144 mutius·
852 2101 922 2142 esse
944 2090 1021 2142 turus

212 2168 401 2246 Quinetiam
421 2169 549 2228 attonita
568 2166 676 2228 laudes
697 2168 754 2228 tibi
775 2173 878 2228 mente
900 2168 1057 2245 canebam,

253 2252 294 2311 Ει
311 2269 360 2310 rue
380 2270 461 2312 nune
481 2253 580 2314 nestri
600 2250 818 2331 Pieridumque
838 2249 943 2331 pudet.
1009 2263 1014 2285 ⁸

127 2391 136 2402 ,
210 2332 268 2395 llla
287 2334 377 2394 velim
398 2334 503 2415 rupida
525 2334 679 2398 Vulcanus
701 2337 833 2396 earmina
853 2337 971 2395 flamma

255 2417 389 2478 'l'orreat
409 2426 442 2479 et
459 2419 503 2499 liq
503 2418 578 2480 uida
598 2419 701 2480 deleat
721 2422 816 2480 arunis
837 2437 922 2496 aqua.
1167 2428 1202 2478 50

213 2501 262 2561 'lu
283 2501 392 2581 procul
414 2441 503 2564 hine(l
505 2505 603 2580 absis,
624 2505 673 2564 eui
693 2504 822 2562 formam
842 2501 978 2561 vendere
998 2521 1071 2562 eura
1092 2509 1139 2561 est

253 2585 295 2644 Ει
314 2575 449 2665 pretium
468 2585 566 2666 plenu
582 2585 699 2663 grande
718 2586 840 2644 referre
862 2603 960 2645 manu

212 2670 254 2730 At
275 2676 325 2746 te,
345 2670 396 2748 qui
417 2688 544 2749 puerum
567 2667 657 2730 denis
676 2687 875 2748 eorrumpere
896 2687 931 2730 es
952 2688 1056 2743 ausus,

254 2752 365 2812 Rideat
383 2753 513 2814 assiduis
533 2772 608 2814 uxur
628 2751 727 2814 inulta
748 2750 842 2830 dalis,
1179 2805 1184 2816 .

212 2837 254 2898 Ει
276 2855 342 2896 eum
363 2836 506 2897 iurtivu
496 2853 639 2898 iuuenem
656 2834 816 2898 lassaverit
835 2855 908 2913 usu,
1165 2845 1197 2894 ιι

255 2905 372 2980 Tecur'n
393 2921 576 3000 interposita
595 2918 739 2998 languida
756 2928 842 2982 veste
865 2923 964 2980 subet

215 3002 343 3084 Semper
365 3006 426 3064 sint
447 3015 573 3069 extenua
593 3010 646 3066 tue
666 3005 792 3083 vestigia
811 3004 911 3079 leste,

255 3088 297 3147 nt
317 3094 421 3167 pateat
439 3087 557 3168 cupidis
578 3106 699 3169 semper
719 3097 825 3168 aperta
845 3086 966 3146 demus:

213 3171 279 3232 Nee
299 3171 412 3232 lasciva
431 3191 519 3234 seror
541 3170 660 3236 licetur
681 3172 768 3252 plura
787 3173 900 3232 bibisse

256 3253 371 3316 Pocula
390 3255 440 3316 rel
459 3255 567 3336 plures
587 3259 754 3320 emeruisse
775 3257 866 3316 riuos.
1165 3259 1197 3312 60

214 3337 301 3400 illam
323 3357 414 3419 saepe
436 3340 541 3400 serus
560 3342 695 3402 conuiuia
715 3339 831 3402 «iuuere
850 3337 985 3416 flumbo,
1009 3363 1015 3376 ·

256 3422 334 3482 Dum
354 3431 422 3484 ruta
441 3424 579 3488 Lueileri
596 3433 744 3505 puovuset
765 3431 835 3484 urta
853 3422 949 3484 diem:
1014 3459 1024 3482 ι
