2534 3942
291 95 294 102 ⁵
355 144 498 208 ιιιιιιιι
518 143 777 208 LlB.l.10.11.1·
1020 145 1058 207 aa
1167 207 1176 218 ,

111 320 248 380 Uxorem
267 314 403 397 plaustro
424 315 663 395 progeniemque
685 313 816 374 domum.

70 401 136 464 Sed
156 401 288 464 Venerio
304 404 376 458 tuno
398 399 482 459 bello
500 397 617 476 calent,
638 398 810 476 scissosque
831 395 959 478 capillos

113 485 239 547 Femina
257 483 427 565 perfracto·
449 483 707 561 conqueriturque
727 481 828 542 fores:
972 541 975 546 ,

70 569 144 631 Flet
160 576 282 630 tenerae
303 568 427 628 subtusa
448 585 556 645 genas,
577 565 632 626 eed
653 566 751 625 vietor
773 566 891 646 etipse
970 619 974 628 .
1027 575 1061 626 55

113 652 186 715 Flet
207 652 266 712 sibi
283 650 442 712 dementes
462 656 524 710 tam
541 648 670 709 valuisse
692 669 807 711 manus.

70 739 113 814 At
130 735 260 797 laaeeivn
283 734 376 795 Amor
397 736 481 796 uiuae
501 732 579 794 male
594 734 692 798 ¹verim
711 735 881 809 ministrat,

112 821 198 882 inter
219 824 252 880 et
271 821 381 879 iratum
400 816 501 878 lentus
522 825 683 896 utrumque
703 815 801 878 tedet.
927 871 929 878 ,

71 906 123 968 Ah
142 903 222 985 lapis
243 908 292 962 eet
311 902 503 980 ferrumque,
524 921 615 962 suam
629 902 800 980 quicunqne
819 899 953 981 puellam

96 981 323 1051 ·Verberat='e
345 984 429 1046 eaelo
451 984 565 1064 deripit
582 981 639 1044 ille
657 983 742 1044 deos.
1028 990 1062 1044 60

71 1071 122 1134 Sit
142 1072 217 1132 rati·
238 1089 256 1130 e
276 1069 419 1130 membris
439 1074 563 1128 tenuem
583 1065 785 1149 perscindere
806 1063 944 1145 ventem,¹
1029 1075 1035 1084 ”

115 1155 166 1215 Sit
184 1155 257 1214 satie
275 1161 398 1214 ornatus
417 1151 594 1214 dissoluisse
606 1169 735 1228 nomae,

73 1239 123 1300 Sit
142 1235 280 1298 lacrimas
298 1239 428 1298 movisse
449 1237 537 1296 satia:
560 1243 669 1312 quator
689 1233 746 1294 ille
767 1235 875 1296 beetur

117 1322 182 1398 Quo
203 1329 311 1382 tenera
329 1323 409 1384 irato
430 1321 515 1388 flere¹
528 1316 630 1400 puella
649 1323 762 1396 potest.

75 1405 138 1466 Sed
157 1407 293 1466 monibua
316 1405 369 1483 qui
390 1421 495 1464 saevus
514 1403 591 1477 erit,
611 1408 790 1480 scutumque
811 1400 977 1482 sudemque
1029 1409 1062 1463 65
1141 1408 1145 1414 '

115 1491 143 1550 la
164 1495 253 1568 gerat
273 1495 305 1548 et
326 1487 393 1547 miti
415 1487 456 1546 eit
475 1484 583 1565 procul
604 1506 623 1570 ι
642 1484 775 1546 Venere.

71 1575 116 1634 At
135 1575 240 1650 nobie,
261 1571 324 1635 Par
343 1568 439 1648 alme,
460 1570 530 1628 veni
551 1569 724 1649 spicamque
743 1574 865 1648 teneto,

83 1709 87 1716 .
116 1657 253 1718 Perfluat
272 1661 306 1716 et
325 1655 423 1738 pomis
444 1650 589 1714 candidus
608 1658 679 1712 ante
695 1653 787 1712 ainus.

431 1948 706 1962 m

202 2259 472 2380 Auen
538 2225 934 2377 nunnoni
985 2301 1013 2312 ι

366 2475 502 2542 LIBER
524 2473 776 2540 SECUNDUS?

468 2620 668 2632 -οι-ιι-η-ι--ιιι

555 2710 582 2774 Ι.

75 2794 223 2905 Quisquis
245 2825 349 2906 adeat,
369 2825 481 2887 valeat:
501 2828 605 2908 fruger
625 2817 790 2890 lno‘trnmus
810 2834 842 2890 et
861 2847 967 2908 agros,

115 2911 203 2971 Ritus
221 2911 293 2973 nt'a
312 2911 414 2993 priseo
435 2909 565 2972 traditus
587 2918 670 2975 extat
690 2933 753 2973 avo.

75 2993 209 3071 Bacche,
230 2997 316 3074 veni,
338 2992 497 3074 dulcisque
518 2996 577 3054 tuis
599 3014 616 3055 e
638 2997 782 3056 cornibus
805 3013 861 3057 uva

116 3076 269 3158 Pendeat,
291 3084 324 3139 et
345 3079 437 3158 spicia
457 3086 595 3156 tempora
615 3079 721 3157 cinge,
743 3079 849 3142 Ceres·
1044 3131 1053 3150 .

75 3159 158 3221 Luce
176 3180 262 3222 sacro
282 3164 457 3240 requieseat
478 3162 602 3240 humus,
622 3163 796 3241 requieseat
817 3170 933 3237 arator,
1048 3165 1065 3218 5

116 3244 158 3303 nt
178 3263 268 3322 grave
289 3264 436 3325 suspenso
457 3263 580 3308 vomere
600 3253 701 3306 cesset
723 3267 807 3326 opus.

79 3326 200 3388 Solvite‘
217 3327 316 3390 vinela
335 3330 429 3409 iugis:
450 3347 531 3389 nuno
553 3327 591 3388 ad
610 3331 772 3410 praesepia
794 3329 908 3390 debent

114 3411 211 3474 Plena·
230 3419 373 3473 coronato
396 3418 479 3474 stare
500 3411 593 3484 boreo
613 3413 722 3492 eapite.
