2534 3942
199 197 238 260 30
505 198 648 262 'llBUlll
667 198 735 260 LIB.
753 199 789 261 ll.
804 210 830 264 4.
847 211 873 264 5.

197 365 283 425 llaec
303 360 409 428 fecere
430 363 540 427 malas:
560 367 632 428 hinc
653 363 761 427 clavim
782 367 872 430 ianua
891 373 988 432 sensit

238 450 280 509 llt
300 452 403 530 coepit
424 455 526 518 custus
545 449 661 510 liminis
682 468 750 511 esse
772 455 864 514 canis.

148 544 156 562 '
176 531 276 609 'Sed,
296 536 431 614 pretium
449 537 476 594 ai
498 534 612 613 grande
631 534 730 612 ieras,
750 537 888 598 custudia
907 540 986 597 victa
1005 545 1068 616 est,

238 617 303 684 Nec
322 620 491 697 prohibent
511 617 626 694 claves,
648 624 687 678 et
701 621 784 679 cauis
802 622 868 700 ipse
888 627 979 683 tacet.

195 701 266 762 Heu
287 703 459 783 quicunque
481 701 568 760 dedit
586 702 713 760 lormam
734 703 877 766 caelestis
900 725 1023 782 avarae,
1091 761 1097 779 ,
1150 719 1189 773 35

238 786 334 862 Quale
355 790 466 847 bunum
488 785 592 844 multia
612 783 715 845 attulit
735 784 792 847 illc
810 788 913 850 malis!
966 841 968 848 ,

195 870 276 930 llinc
296 872 387 931 fletus
408 872 551 950 rixaeque
574 874 700 946 sonant,
722 871 798 930 haec
819 872 952 953 denique
972 895 1060 935 causa

236 955 325 1015 Fecit
346 960 380 1013 ut
400 953 520 1012 infamia
538 952 590 1011 hic
609 951 685 1010 deus
706 960 788 1012 esset
805 955 907 1018 Amor.

194 1039 236 1099 At
256 1039 329 1115 tibi,
352 1055 429 1116 qnae
450 1037 552 1114 pretio
574 1037 671 1094 victos
692 1035 830 1096 excludis
852 1047 1002 1119 amantea,

235 1122 376 1200 Eripiunt
396 1126 498 1199 partas
517 1125 626 1177 ventus
648 1125 681 1177 et
701 1119 780 1196 iguis
804 1125 909 1198 opesr'
1150 1138 1188 1190 40

195 1204 274 1281 Quin
295 1211 346 1262 tua
366 1211 431 1263 tum
451 1205 575 1262 iuvenes
596 1208 739 1281 spectent
758 1201 899 1261 incendia
920 1202 1012 1282 laeti,

235 1287 299 1347 Nec
321 1288 477 1368 quisquam
498 1287 635 1359 flammae
657 1285 782 1346 sedulus
799 1284 890 1345 addat
911 1306 1026 1365 aquam.

194 1370 254 1431 Seu
274 1374 378 1432 veniet
395 1373 452 1430 tibi
473 1389 570 1447 murs,
590 1388 649 1430 nec
670 1372 734 1449 erit
754 1371 805 1449 qui
826 1368 930 1448 lugeat
949 1369 1050 1445 ullus,

48 1498 53 1508 ·
156 1503 158 1508 .
235 1457 299 1517 Nec
320 1457 372 1535 qui
394 1455 448 1515 det
468 1461 597 1514 maestas
619 1473 727 1514 munus
746 1456 779 1514 iu
800 1455 951 1533 exequias.

193 1542 333 1601 Athona
355 1553 431 1618 quae
452 1557 510 1598 nec
533 1557 621 1599 avara
641 1539 715 1616 fuit,
737 1544 858 1598 centum
875 1537 951 1599 licet
970 1559 1063 1599 annus
1148 1554 1182 1604 45

234 1625 371 1699 vixerit,
394 1621 552 1682 ardentem
575 1624 699 1683 flebitur
720 1629 790 1683 ante
812 1639 935 1700 rugum:

192 1709 294 1786 Atque
313 1706 422 1786 aliquis
440 1708 545 1765 senior
566 1713 688 1773 veteres
708 1711 872 1766 veneratus
894 1727 1012 1768 umores

234 1792 341 1850 Annua
362 1795 536 1850 constructo
558 1796 641 1848 serta
663 1788 747 1849 dabit
767 1788 884 1850 tumulo

85 1895 92 1913 ‘
192 1877 233 1936 Et
252 1859 555 1934 ‘benc’disccdeus
579 1871 662 1931 dicet
683 1871 885 1950 ‘placideque
908 1877 1063 1952 quiescas,
1109 1901 1110 1908 ¹

235 1957 396 2037 Terraque
417 1975 543 2016 securae
565 1957 605 2016 ait
625 1973 717 2034 super
740 1973 809 2016 ossa
828 1954 928 2016 levis)
1148 1970 1184 2020 50

190 2043 274 2104 Vera
296 2041 418 2121 quidem
437 2058 563 2119 moneo,
585 2037 642 2098 sed
662 2047 793 2118 prosunt
814 2038 887 2117 quid
908 2043 982 2100 mihi
1003 2042 1097 2100 vera?

232 2125 318 2186 llliua
339 2133 389 2186 est
405 2125 494 2185 nobis
515 2123 587 2202 lege
606 2121 764 2182 colendusv
776 2124 880 2183 Amor.
926 2189 931 2200 ψ

191 2211 270 2288 Quin
290 2211 381 2270 etlam
403 2207 493 2268 sedes
511 2209 615 2268 iubeat
636 2208 661 2267 ai
678 2205 813 2267 vendere
828 2208 937 2286 avitas,

231 2296 276 2355 lte
298 2297 353 2353 sub
374 2293 536 2372 imperium
558 2293 613 2352 sub
634 2290 835 2370 titulumque,
855 2293 959 2352 Lares.

190 2378 340 2456 Quicquid
361 2378 455 2436 habet
477 2376 584 2452 Circe,
608 2374 751 2455 quicquid
772 2375 885 2436 Medea
905 2379 1031 2454 veneni,
1146 2388 1179 2438 55

231 2461 382 2540 Quicquid
404 2468 436 2522 et
456 2461 620 2520 herbarum
643 2457 792 2520 Thessala
810 2465 894 2519 terra
914 2461 1011 2538 gerit,

189 2547 229 2606 ut
250 2544 347 2622 quod,
368 2543 597 2610 ubiindcmitia
619 2545 762 2620 gregibus
783 2543 887 2602 Venus
910 2543 994 2603 afflat
1014 2563 1148 2621 amores,

159 2615 166 2634 '
230 2628 437 2708 Hippomanes
458 2627 585 2706 cupidae
607 2621 703 2686 stillat
721 2627 757 2684 ab
777 2626 902 2704 inguine
925 2647 1039 2707 equae,

189 2705 224 2772 Si
243 2713 332 2772 modo
355 2729 404 2772 me
424 2709 546 2791 placido
568 2708 670 2768 videat
686 2709 825 2769 Nemesis
845 2730 912 2772 meu
931 2711 1031 2788 vultu,
1082 2761 1086 2768 .

229 2795 320 2857 Mille
342 2796 415 2856 alias
437 2796 550 2856 herbas
569 2794 696 2852 misceat
714 2790 785 2872 illu·
806 2795 915 2855 bibam.
1143 2804 1178 2856 60

658 3011 698 3076 V.

177 3098 332 3214 'Phoebe‚
354 3132 439 3193 lave:
461 3151 556 3194 novus
576 3133 750 3212 ingreditur
771 3140 823 3194 tua
844 3129 958 3211 templa
978 3131 1138 3194 sacerdoar

227 3218 295 3277 Huc
317 3235 372 3296 age
394 3237 461 3277 cnm
483 3218 600 3278 cithara
618 3220 861 3297 carminibusque
879 3217 958 3277 veni.

185 3301 271 3362 Nunc
292 3307 325 3360 te
346 3300 466 3362 vocales
480 3301 649 3381 impellere
670 3302 785 3382 pollice
808 3297 953 3377 chordas,

226 3385 314 3445 Nunc
332 3403 443 3465 precor
462 3384 500 3445 ad
520 3383 628 3447 laudes
648 3388 776 3447 flectere
796 3385 889 3442 verbu
909 3401 984 3444 mea.
1151 3435 1155 3445 .

87 3487 91 3496 ·
184 3467 253 3550 lpse
273 3467 450 3550 triumphali
469 3467 627 3532 devinctus
646 3477 784 3550 tempora
803 3464 907 3546 lauru,
1155 3476 1173 3529 5
