2534 3942
322 174 331 197 '
400 192 543 256 runnu
560 191 628 254 un
640 191 663 254 1.
679 201 705 255 c.
723 201 749 256 ι.
1022 191 1059 252 19

112 369 157 430 Iit
176 372 227 427 tua
244 365 303 424 iam
323 364 400 423 iietu
418 363 532 425 lumina
553 363 636 422 iesse
656 365 784 421 tument.

72 451 228 528 Oderunt,
248 443 394 525 Pholoe‚‘
404 466 530 524 moneo,
551 445 674 507 fastidia
695 444 773 521 divi,

116 536 178 595 Nec
197 532 325 614 prodest
348 533 460 592 sanctis
480 537 549 592 tura
570 528 693 590 dedisse
714 528 802 588 iocis.
1027 535 1061 590 70

73 621 132 681 Hic
153 619 311 692 Marathus
333 614 485 694 quondum
504 616 632 674 miseros
652 611 779 675 ludebat
801 617 950 684 umentes,

114 703 240 763 Nescius
261 699 393 760 nitorem
411 705 482 778 post
500 706 592 780 eaput
610 715 679 758 esse
701 696 806 756 deum:

73 787 171 865 Saepe
193 787 285 845 etiam
303 781 439 842 lacrimis
455 783 568 842 -fertur‘
581 783 687 842 risisse
710 779 843 841 dolentis

113 871 154 930 nt
176 867 409 949 cupidam·ficta
428 866 594 926 detinuisse
616 884 715 924 mora:

71 954 158 1015 Nunc
180 953 278 1012 omnis
300 948 365 1011 odit
386 951 497 1029 iustus,
517 947 763 1028 nuuc.displicet
783 944 834 1007 illi
1028 955 1060 1008 75

114 1029 319 1116 Quaecunque
341 1023 480 1114 o'pposita
502 1041 550 1094 est
571 1035 660 1094 ianua
680 1032 756 1092 dura
777 1051 854 1093 sera.

71 1124 114 1182 At
133 1129 165 1181 te
187 1138 285 1200 poeno
303 1124 420 1195 manet,
442 1119 473 1177 ui
496 1117 611 1180 desinis
632 1135 700 1178 esse
722 1118 862 1206 superba.
978 1133 981 1140 ’

115 1207 211 1281 Quam
229 1204 330 1283 cupies
353 1204 430 1262 votis
451 1203 533 1262 bunc
553 1220 699 1263 revocare
720 1199 815 1261 diem!

469 1325 669 1340 nahum—1·—

539 1417 601 1480 IX.

73 1505 157 1607 (iure
176 1537 268 1614 mibi,
290 1537 317 1594 si
337 1535 440 1594 fueras
461 1535 590 1594 miseros
606 1533 746 1595 laesurus
767 1552 902 1611 amores,
1009 1557 1014 1566 ·

111 1620 254 1681 Foedera
271 1637 330 1699 per
350 1618 451 1695 divos,
474 1617 551 1678 elam
571 1617 726 1696 violanda,
748 1616 863 1677 dabas‘i

70 1709 119 1767 Ah
140 1697 251 1780 miser}
272 1703 331 1762 etsi
350 1703 417 1781 quis
437 1703 536 1782 primo
557 1704 698 1783 periuria
714 1699 812 1779 celat,

112 1788 206 1866 Sera,
224 1794 325 1847 tamen
346 1786 446 1846 tacitis
465 1787 568 1847 Poene
588 1789 672 1847 venit
691 1785 830 1866 pedibus.

70 1873 210 1948 Parcite,
232 1869 400 1930 caelestes:
422 1888 551 1949 aequum
572 1878 620 1930 est
640 1873 765 1952 impune
785 1869 883 1929 licere
1046 1878 1061 1927 5

112 1956 240 2016 Numina
261 1954 403 2014 formosis
422 1952 550 2016 laedere
571 1962 673 2017 vestra
694 1952 798 2015 remei.

68 2029 167 2099 Lucra
185 2045 296 2118 petens
316 2036 413 2098 habili
434 2044 539 2098 tauros
560 2039 697 2117 adiungit
717 2042 820 2097 aratro

110 2123 152 2184 Et
171 2121 279 2183 durum
298 2130 401 2182 terrae
424 2123 555 2182 rusticus
576 2131 666 2201 urget
687 2141 783 2201 opus,

68 2208 168 2266 Lucra
189 2207 339 2284 petiturus
360 2205 442 2264 freta
461 2223 519 2283 per
539 2208 679 2285 parentia
700 2206 799 2264 ventis
925 2247 928 2256 .
1000 2271 1002 2283 .

112 2290 235 2347 Ducunt
253 2287 414 2346 instabiles
433 2287 537 2347 sidera
556 2293 641 2349 certa
661 2295 761 2349 rates:
849 2356 851 2361 Ι
1031 2295 1062 2346 10

70 2372 252 2432 Muneribus
274 2388 359 2431 meus
381 2375 429 2430 est
451 2377 555 2450 captus
576 2391 662 2451 puer.
683 2380 713 2431 at
734 2369 810 2436 dens
829 2369 890 2430 illa.

113 2455 147 2515 iu
167 2455 302 2514 cinerem
324 2461 357 2515 et
377 2453 510 2534 liquidas
529 2474 654 2516 munera
674 2460 775 2514 vertat
796 2471 895 2532 aquas.

69 2541 130 2598 iam
151 2538 226 2597 mibi
245 2538 401 2617 persolvet
420 2558 551 2619 poenas,
573 2539 733 2620 pulvisque
752 2537 895 2597 decorem

112 2621 263 2682 Detrahet
283 2628 315 2682 et
334 2625 433 2684 ventis
449 2622 578 2686 horrida
595 2624 677 2684 fecta
699 2641 799 2697 corna,

70 2708 185 2768 Uretur
199 2706 319 2786 indes,
338 2714 466 2767 urentur
486 2707 552 2769 sole
573 2707 693 2790 capilli,

84 2845 88 2856 .
111 2791 243 2851 Deteret
264 2788 414 2849 invalidos
436 2797 468 2850 et
486 2793 533 2852 via
553 2789 643 2872 longa
664 2789 770 2872 pedes.

70 2874 221 2934 Admonui
244 2874 385 2950 quotiens
407 2878 496 2933 ‘auro
513 2894 553 2936 ne
573 2876 678 2957 pollue
699 2875 842 2936 forma-m:
914 2941 919 2952 ,

113 2957 210 3037 Saepe
230 2956 333 3018 solent
355 2976 428 3018 auro
450 2956 544 3018 muita
565 2961 690 3020 subesse
711 2957 797 3019 mala.

71 3040 191 3102 Divitiis
209 3049 315 3122 eaptus
333 3042 429 3121 siquis
449 3040 574 3103 violavit
595 3063 746 3121 umorem,

113 3124 289 3203 Asperaque
311 3131 360 3186 est
380 3123 429 3184 iiii
450 3122 646 3206 difficilisque
664 3128 779 3190 Venus.
1025 3128 1061 3184 20

71 3208 135 3268 Ure
155 3225 253 3268 meum
273 3212 374 3289 potius
393 3211 511 3270 flamma
533 3218 623 3292 caput
645 3217 677 3272 et
694 3218 768 3291 pete
787 3209 873 3271 ferro

112 3293 231 3371 Corpus
253 3299 285 3351 et
305 3293 420 3353 intorto
442 3295 573 3356 verbere
593 3300 680 3374 tergo
700 3313 779 3356 sees.

71 3375 133 3437 Nec
153 3375 212 3435 tibi
234 3373 354 3436 celandi
374 3396 445 3456 spes
466 3378 508 3438 sit
525 3397 656 3460 peccare
675 3377 811 3460 paranti:

111 3459 169 3523 Est
190 3457 282 3538 deus,
303 3459 440 3522 occultos
461 3463 514 3540 qui
532 3470 615 3526 vetat
635 3481 704 3524 esse
725 3457 865 3598 domi*
