2534 3942
148 215 185 275 14
489 211 632 272 TlBULLI
651 211 718 273 LlB.
734 213 755 273 l.
772 222 798 278 6.

186 379 471 457 Servare,.frustra
491 378 585 440 clavis
605 382 688 441 inest
706 379 834 440 loribus.

144 464 192 524 Te
213 471 317 542 tenet,
341 466 485 524 absentes
506 463 585 524 alios
600 465 734 544 suspirat
754 483 873 525 amores
956 477 966 494 ·

184 548 226 609 Et
246 547 368 608 simulat
387 549 488 608 subito
511 548 706 608 condoluisse
729 556 829 628 caput.
943 546 951 566 ¹

141 631 184 691 Aa
204 633 279 692 mihi
301 630 479 692 servandam
500 632 626 692 credas·
649 651 711 692 non
733 651 821 692 saeva
843 650 951 692 recuso

183 716 339 788 Verbera,
363 715 502 776 detracto
522 735 584 775 uon
605 735 661 796 ego
683 715 783 775 vincla
803 714 923 796 pedum.

143 799 223 859 'lum
241 799 349 880 procul
370 800 493 876 ubsltls,
515 790 651 879 quisquis
674 798 748 859 colit
771 809 839 862 arte
859 796 1001 879 capillos,

158 883 292 944 'Effluit
312 885 410 944 effuso
431 885 480 942 cui
497 890 567 962 toga
588 884 654 944 laxa
676 886 759 942 sinu:

142 968 285 1047 Quisquis
308 974 341 1028 et
359 973 516 1042 occurret,
538 986 578 1027 ue
599 970 698 1048 possit
721 969 837 1028 crimen
856 969 991 1045 habere,

184 1051 395 1132 Stetprooul,
419 1058 469 1110 aut
491 1051 550 1111 alia
572 1058 634 1112 stet
651 1051 761 1132 procul
783 1061 853 1112 ante
875 1053 932 1114 ria.

142 1135 194 1196 Sic
215 1137 286 1196 fieri
308 1137 394 1196 iubet
415 1137 481 1215 ipse
504 1135 597 1211 deus,
620 1138 664 1196 sic
685 1154 793 1214 magua
814 1134 958 1196 sacerdos

182 1220 239 1279 Ειι
260 1221 334 1278 milii
355 1219 457 1278 divino
479 1221 641 1280 vaticinata
660 1239 750 1280 sono:

142 1302 242 1380 (llaec
263 1304 315 1364 ubi
336 1302 485 1363 Bellonae
504 1312 589 1364 motu
611 1311 659 1364 est
678 1305 806 1382 agitata,
828 1323 886 1365 uec
908 1319 1010 1362 acrem
1122 1311 1131 1324 ¹

182 1387 365 1464 Flammam,
388 1407 460 1448 non·
472 1407 575 1448 amens
595 1391 726 1449 verbera
747 1395 830 1449 torta
848 1389 952 1447 timet:

143 1472 211 1552 Ipsa
233 1473 367 1552 bipenne
390 1491 461 1532 suos
483 1472 584 1532 caedit
602 1471 738 1532 violenta
756 1472 890 1534 lacertos

182 1555 336 1634 Sanguine
355 1564 387 1616 et
408 1557 506 1616 effuso
529 1559 646 1637 spargit
665 1555 763 1623 inulta
783 1556 889 1634 deam,

142 1639 270 1720 Statque
288 1640 367 1700 latus
388 1642 522 1720 praefixa
538 1660 628 1715 veru,
650 1647 712 1702 stat
732 1642 833 1700 saucia
853 1646 978 1721 pectus,

183 1725 224 1783 Et
244 1725 325 1784 canit
345 1730 487 1800 eventus,
509 1744 584 1802 quos
605 1684 662 1784 dea
678 1744 786 1802 magna
806 1724 954 1800 mouet)

143 1809 300 1885 Parcite,
322 1827 410 1886 quam
431 1807 566 1868 custodit
584 1810 696 1890 Amor,
717 1807 833 1868 violare
853 1807 1004 1888 puellam,

104 1960 108 1976 Ι
182 1892 228 1950 Νι
247 1891 350 1971 pigeat
371 1910 477 1969 magno
498 1899 569 1972 post
590 1891 736 1952 didicisse
756 1891 845 1952 malo.
1042 1881 1056 1906 ⁸

142 1955 308 2053 Altlgerit,
327 1974 470 2036 labentur
491 1993 583 2056 opes,
606 1982 640 2036 ut
660 1975 788 2036 vulnere
807 1982 913 2035 nostro

183 2059 328 2138 Sanguis,
348 2066 382 2118 ut
403 2060 454 2119 hic
474 2061 574 2120 ventis
596 2059 800 2141 diripiturque
823 2061 920 2118 cinis!

142 2143 182 2203 Ει
204 2144 260 2202 tibi
282 2145 387 2203 nescio
410 2163 483 2222 quas
506 2142 597 2222 dixit,
618 2163 687 2203 mea
708 2143 811 2220 Delia,
831 2161 960 2223 poenas:

185 2227 219 2287 Sl
240 2235 342 2288 tamen
363 2227 520 2306 admittas,
542 2229 583 2289 sit
598 2246 711 2308 precor
732 2227 787 2290 illa
808 2226 894 2289 levis.

141 2312 209 2372 Non
231 2331 287 2390 ego
310 2318 342 2372 te
364 2319 494 2392 propter
514 2332 606 2392 parco
630 2315 703 2389 tibi,
726 2312 781 2373 sed
802 2321 854 2373 tua
874 2317 971 2372 mater

183 2396 236 2456 Me
256 2402 357 2457 movet
379 2403 470 2476 utque
492 2398 554 2456 iras
575 2415 666 2457 aures
683 2398 779 2458 vincit
798 2415 880 2456 anus.

140 2479 225 2539 llaec
246 2481 320 2540 mihi
342 2487 375 2540 te
396 2480 520 2541 adducit
540 2483 677 2542 tenebris
699 2481 856 2558 multoque
878 2481 988 2540 timore

183 2562 347 2641 Coniungit
367 2572 487 2624 nostras
508 2563 586 2624 clam
604 2568 756 2624 taciturna
773 2583 896 2642 manus,

142 2647 227 2707 llaec
248 2647 429 2726 foribusque
449 2655 551 2707 manet
572 2655 665 2708 noctu
686 2666 734 2745 que
756 2649 846 2708 ailina
867 2647 1039 2728 proculque
1103 2691 1108 2706 .

185 2731 351 2809 Cognoscit
372 2733 519 2811 strepitus
541 2749 591 2790 mc
612 2711 755 2791 reniclrte
772 2731 896 2813 pedum.

141 2816 219 2877 Vive
240 2814 293 2875 diu
315 2817 406 2893 mihi,
429 2814 527 2876 dulcis
550 2833 638 2874 anus.
660 2817 802 2896 proprios
822 2835 880 2896 ego
901 2824 1016 2894 tecum,

184 2900 232 2961 Sit
252 2899 341 2961 modo
364 2899 426 2977 fas,
446 2919 541 2960 annos
564 2901 768 2961 contribuisse
786 2901 885 2961 velim.

143 2984 190 3045 'l'e
212 3001 334 3064 semper
355 2991 516 3062 natumque
538 2991 618 3044 tuam
639 2990 672 3044 te
692 2986 984 3066 propteramaboa.
1100 2992 1134 3047 65
1259 2985 1265 3002 “

184 3067 337 3148 Quicquid
358 3069 435 3147 agit,
458 3071 579 3148 sanguis
601 3074 768 3129 esttamen
789 3068 844 3130 illa
865 3078 943 3128 tuus.

142 3153 190 3212 Sit
208 3152 298 3214 modo
320 3160 418 3229 casta,
438 3153 530 3232 doce,
554 3155 687 3231 quamvis
708 3171 770 3213 uon
789 3155 864 3214 vitta
884 3153 993 3232 ligatos

184 3235 332 3317 Impediat
352 3239 453 3298 crines
474 3256 532 3298 nec
554 3236 632 3298 stola
652 3237 742 3316 longa
762 3235 866 3317 pedes

44 3385 51 3400 Ι
141 3320 182 3380 Ει
202 3323 277 3381 milui
299 3323 361 3382 sint
380 3321 475 3382 durae
494 3321 599 3400 leges,
620 3320 745 3382 laudare
766 3339 824 3382 nec
847 3320 938 3381 ullam

186 3403 302 3465 Possim
325 3425 399 3485 ego,
420 3407 492 3484 quin
514 3404 619 3466 oculos
642 3412 767 3487 appetat
784 3403 839 3466 illa
859 3423 960 3482 meos,

144 3481 186 3546 Ει
205 3488 307 3568 siquid
325 3509 470 3571 peccasse
490 3497 596 3574 putet,
618 3488 773 3569 ducarque
793 3489 911 3570 capillis

644 3600 648 3634 l
