2534 3942
404 217 564 282 -uuuuu
583 217 652 282 ιιι.
668 221 703 282 ιι.
721 233 747 287 a.
819 274 827 292 .
952 191 956 199 ’

99 389 185 452 illias
208 387 246 448 ad
266 387 415 449 tumulum
436 345 551 467 iugiaru
572 386 761 469 supplexque
783 389 899 451 seilebu

141 475 183 536 ut
202 492 268 538 mea
287 492 355 534 cnm
376 479 460 534 muto
480 473 545 534 fata
565 491 678 553 querar
700 473 816 534 cinere.

100 557 169 618 Nun
188 557 271 618 feret
288 565 386 636 usque
409 574 496 619 auum
516 561 549 618 te
570 562 701 635 propter
721 557 800 620 flere
821 555 1093 621 attentemus

143 639 227 702 lilius
247 649 280 701 ut
301 641 421 717 verbis,
442 641 484 700 aia
503 640 577 699 mihi
596 638 682 700 lenta
702 647 791 719 veto,

100 725 146 786 Ne
168 726 224 786 tibi
245 723 380 802 neglecti
401 725 524 784 mittant
544 722 624 784 mala
642 725 758 785 somnis
775 725 901 804 Manes,

140 810 322 888 Maestaque
343 809 461 888 sopitae
482 813 545 867 atet
565 827 653 868 aaron·
675 814 747 868 ante
768 815 885 888 torum3

99 890 206 970 Qualia
228 895 266 952 ab
287 890 409 952 excelsa
424 909 572 972 praeceps
594 890 720 971 delapsa
740 892 879 954 fenestra

142 977 237 1040 Venit
259 975 297 1036 ad
317 976 455 1036 infernos
476 973 708 1054 sanguinulenta
727 975 822 1038 laeua.
1059 988 1093 1039 40

99 1061 231 1138 Desino,
251 1077 292 1120 ne
313 1058 452 1120 dominae
472 1057 573 1120 luctus
594 1066 781 1120 renoventur
802 1061 920 1122 acerbi:

142 1146 212 1205 Nun
231 1162 287 1222 ego
309 1162 376 1202 sum
396 1143 493 1220 tanti,
512 1141 617 1223 ploret
637 1149 672 1203 ut
692 1143 747 1204 illa
765 1143 869 1205 semel.

99 1230 166 1290 Nec
187 1227 321 1288 lacrimis
342 1224 447 1288 oeulos
469 1225 559 1306 digna
579 1233 629 1288 est
649 1227 779 1289 foedare
799 1227 988 1309 loquaces&

143 1313 228 1374 Lena
245 1318 337 1372 nocet
357 1312 462 1388 nobis,
482 1312 549 1390 ipsa
567 1310 671 1392 puella
692 1312 771 1372 buna
791 1323 849 1373 est

101 1398 186 1458 Lena
204 1403 288 1456 vetat
308 1397 452 1455 miserum
473 1395 598 1474 Phryne
619 1396 787 1474 furtimque
808 1393 940 1456 tabellas
1059 1405 1092 1458 45

144 1479 271 1540 Occulto
293 1488 420 1559 portans
439 1479 525 1558 itque
546 1477 734 1556 reditque
709 1499 792 1538 suun.

101 1566 218 1644 Saepe,
239 1582 297 1642 ego
315 1583 383 1623 cum
404 1561 545 1622 dominae
566 1557 673 1623 dulces
694 1583 711 1622 a
731 1561 838 1625 limine
860 1561 936 1623 duro

141 1650 281 1728 Agnosco
300 1667 407 1726 voces,
428 1648 505 1706 haee
522 1663 580 1725 ne
566 1653 614 1706 ⁰at
635 1665 702 1708 esse
722 1645 819 1708 domi:

102 1732 216 1813 Saepe,
235 1733 287 1791 ubi
308 1750 368 1791 nox
387 1731 536 1811 promissa
557 1731 630 1790 mihi
652 1737 701 1791 est
706 1730 884 1810 ,languere
904 1727 1036 1812 puellam

144 1816 269 1876 Nuntiat
287 1821 338 1874 aut
358 1814 474 1894 aliquas
495 1816 670 1876 extimuisse
691 1815 796 1876 minas.
1059 1824 1094 1876 ⁵0

8 1959 9 1968 ,
104 1897 192 1960 'func
211 1899 326 1958 morior
347 1900 444 1977 euris,
467 1905 540 1959 tune
561 1917 647 1958 mena
668 1900 742 1960 mihi
762 1898 885 1980 perdita
904 1899 1009 1977 fingit,

145 1984 256 2059 Quisve
275 2001 371 2044 meam
393 1987 514 2060 teneat,
536 1988 611 2061 quot
630 1989 774 2044 teneatue
794 1982 909 2043 modist

104 2065 192 2126 Tunc
212 2067 287 2144 tibi,
306 2066 395 2143 lena,
415 2085 528 2146 precor
551 2065 651 2126 diras:
674 2068 748 2127 satia
769 2069 855 2127 anxia
871 2068 968 2144 vivas,

143 2151 279 2211 Moverit
296 2169 315 2210 e
334 2151 415 2211 votis
435 2169 508 2231 para
529 2156 741 2230 quotacunque
763 2149 847 2212 deos.

449 2403 753 2422 Mun-
