2534 3942
184 163 225 224 40
348 254 353 266 „
391 159 962 242 Tiauaul(uuauait1)i11a111.a

184 330 271 390 Artis
291 348 366 409 opus
386 348 490 408 rarae,
513 329 635 410 fulgens
656 329 813 393 ,testudine
835 337 868 393 et
888 352 961 394 aurc

226 411 385 473 Pendebat
405 412 491 475 laeva
510 412 631 494 garrula
652 421 740 493 parte
760 414 837 494 lyra.
923 469 926 474 ⁴
1119 481 1123 489 ,

186 495 273 558 Hauc
293 498 423 577 primum
442 501 569 560 veniens
589 495 711 577 plectro
733 497 905 563 modulatus
926 503 1060 582 eburno,

227 578 351 642 Felices
372 588 552 643 cantusare
573 587 700 642 sonante
723 581 825 642 dedit:

187 662 250 725 Sed
272 671 431 744 postquam
453 666 576 725 fuerant
600 663 687 742 digiti
709 685 776 727 cum
797 685 871 726 voce
892 666 1021 764 locuti·

225 747 333 808 Edidit
339 750 429 826 fhaec
449 746 531 808 dulci
551 747 652 809 tristia
672 751 766 810 verba
786 749 885 810 modu.
943 753 945 762 '

134 906 136 912 Ι
186 830 310 910 iselae,
332 852 405 893 eura
425 830 530 891 deum:
550 837 633 891 casto
654 851 723 891 nam
740 835 802 894 rite
821 842 932 914 poetae

226 915 430 994 Phoebusque
451 922 483 974 et
500 915 640 974 *Bacchus
662 914 864 995 Pieridesque
884 920 1004 981 favent:

185 998 248 1061 Sed
268 999 373 1079 proles
396 996 534 1058 Semeles
555 999 691 1058 Bacchus
715 999 884 1078 doctaeque
906 1022 1029 1066 sorores

226 1084 337 1142 Dicere
359 1101 419 1141 non
440 1088 568 1159 norunt,
591 1081 664 1161 quid
685 1082 767 1142 ferat
786 1084 863 1142 hura
884 1103 1029 1164 sequente

185 1165 227 1227 At
247 1167 321 1226 mihi
343 1166 473 1226 fatorum
493 1163 578 1243 leges
600 1167 726 1244 aevique
748 1165 844 1224 futuri

227 1249 383 1311 Eventura
402 1256 491 1329 pater
512 1267 603 1329 posse
624 1248 729 1309 videre
753 1239 847 1309 dedit.

186 1329 290 1409 Quar‘e
313 1351 369 1411 ego
392 1351 468 1410 quae
489 1331 557 1392 dice
579 1352 640 1392 non
662 1331 755 1392 fallax
778 1333 882 1411 accipe
901 1340 1005 1414 vates,

234 1415 383 1495 Quodque
405 1416 480 1476 deus
501 1434 573 1478 uero
593 1417 744 1496 Cynthius
765 1433 820 1475 cre
840 1417 946 1476 ieram.

189 1499 320 1561 Tantum
342 1520 411 1561 cara
434 1501 506 1579 tibi,
528 1508 671 1579 quantum
693 1519 752 1560 nec
772 1498 836 1559 iilia
856 1501 962 1580 matri,
999 1524 1001 1530 ·

229 1585 380 1660 Quantum
401 1603 459 1644 nec
479 1583 589 1665 cupido
612 1583 694 1645 belia
714 1582 816 1664 puella
836 1587 918 1664 viro,

188 1667 247 1727 Pru
271 1687 328 1746 qua
346 1665 494 1727 sollicitas
517 1667 662 1729 caelestia
683 1671 806 1729 numina
826 1671 920 1748 uotis,

230 1752 314 1828 Quae
334 1751 391 1811 tibi
414 1769 537 1821 securos
559 1771 620 1810 non
642 1753 784 1818 sinit'ire
806 1751 888 1830 dica,

61 1853 63 1859 ’
166 1823 228 1897 'Et
247 1854 314 1894 curu
335 1841 367 1894 te
388 1834 473 1895 fureo
495 1855 616 1895 somnus
637 1833 749 1895 velavit
769 1837 898 1913 amictu,

230 1918 348 1980 Vanum
368 1920 526 1978 nocturnis
548 1915 629 1978 fallit
648 1919 844 1995 imaginibus,

190 2002 381 2064 Carminibus
403 1999 560 2062 celebrata
581 2002 641 2061 tuis
662 2002 796 2062 formasa
815 2002 934 2064 Neaera
1045 2045 1047 2050 -

231 2084 368 2144 Alterius
385 2085 497 2146 mavult
517 2103 586 2146 esse
607 2083 709 2166 puella
729 2087 802 2162 riri,
994 2119 1027 2176 ἡ

142 2237 146 2244 ,
189 2171 392 2248 Diversaeque
413 2189 481 2231 snas
502 2171 596 2248 agitat
617 2163 703 2230 ruens
724 2170 816 2249 impia
838 2187 942 2250 curas,

231 2253 295 2315 Nec
316 2252 428 2331 gaudet
448 2259 530 2313 easta
552 2260 646 2334 nupta
666 2253 786 2314 Neaera
808 2252 907 2314 dome.
948 2263 954 2286 ²

190 2337 239 2398 Au
261 2335 387 2399 crudele
409 2355 503 2417 genus
525 2354 583 2397 nec
603 2337 697 2398 fidum
718 2337 831 2397 femina
851 2340 979 2400 nomen!

233 2421 282 2480 Ah
303 2428 426 2500 pereat,
446 2421 555 2483 didicit
575 2420 686 2482 iall‘ere
705 2423 792 2500 siqua
811 2423 916 2497 virum.

192 2503 255 2566 Sed
274 2506 359 2564 flecti
381 2507 511 2586 poterit:
533 2524 618 2568 mens
641 2512 689 2564 est
707 2503 859 2564 mutabilis
879 2502 958 2565 illis:

234 2589 283 2648 'l’u
304 2588 394 2647 modu
416 2609 483 2650 cum
503 2587 598 2649 rnulta
621 2589 743 2656 brachia
764 2586 858 2646 tende
879 2607 982 2668 prece.
1059 2659 1060 2664 η

124 2716 125 2719 =
193 2674 305 2734 Saevus
326 2673 420 2732 Amor
442 2671 499 2733 doc
521 2675 545 2733 it
567 2670 683 2731 validos
706 2675 826 2730 tentare
846 2667 985 2753 labores,

234 2757 462 2817 Saevus'Amor
506 2757 588 2815 ccuit
610 2756 738 2838 vertera
759 2772 847 2814 saeva
867 2757 939 2834 pati.

195 2841 249 2902 Me
271 2839 422 2919 quondam
440 2838 563 2906 Admeti
585 2838 687 2896 niveas
707 2839 988 2916 pavisse·iuvencas
1104 2891 1111 2922 ,

233 2923 301 2984 Non
323 2931 371 2984 est
391 2926 424 2982 in
444 2941 551 2983 uanum
571 2917 674 2982 fabula
693 2921 765 2981 ficta
783 2923 898 2982 iocum:

193 3007 281 3068 Tunc
301 3025 357 3086 ego
379 3025 437 3066 nec
456 3006 573 3080 cithare
593 3011 731 3083 poteram
752 3005 886 3084 gaudere
907 3027 1018 3070 sanare

170 3093 174 3100 '
234 3090 304 3152 Nee·
320 3089 433 3150 similes
456 3086 578 3148 chordis
598 3087 733 3149 reddere
753 3108 828 3149 voce
849 3109 978 3170 seruos„
1095 3117 1098 3123 ,

194 3174 258 3236 Sed
278 3173 449 3254 perlucenti
470 3179 575 3232 cantus
596 3171 765 3232 meditabar
789 3192 883 3233 avena
977 3179 987 3202 ‘
1156 3173 1160 3180 ’

235 3257 291 3318 llle
312 3277 369 3336 ego
390 3257 524 3318 Latonae
545 3253 626 3315 filius
647 3262 739 3335 atque
760 3257 848 3318 lovis.

174 3341 301 3404 ¹Nescis
323 3340 397 3421 quid
417 3342 458 3401 sit
478 3359 577 3417 amor,
599 3341 732 3418 iuvenis,
754 3342 781 3400 si
802 3340 887 3400 ferre
907 3357 1030 3404 recusus
1096 3339 1098 3344 ’

236 3425 384 3486 immitem
405 3424 557 3486 dominam
578 3425 812 3503 coniugiumque
832 3423 942 3486 ferum.
