2534 3942
327 253 328 258 ,
452 193 597 258 TlBULLl
618 194 686 256 nn.
703 196 725 256 1.
744 201 771 259 6.
786 202 811 257 7.
1091 195 1129 257 15

169 371 321 434 'Inmerito
343 365 695 448 prouasproripiarqne
714 365 786 424 viae.

138 458 206 520 Nou
226 473 282 534 ego
303 458 336 512 te
354 450 479 531 pulsare
501 447 611 526 velim,
632 448 704 525 sed,
720 445 845 519 ,venerit
865 447 925 507 iate

179 540 212 601 Si
232 540 335 615 furor,
355 534 485 614 optarim
507 551 569 592 nou
591 535 734 593 habuisse
753 549 877 591 manno:
1013 531 1020 538 “

8 617 10 621 ’
135 624 199 686 Nec
221 641 310 683 saevo
333 620 375 680 sis
396 624 479 678 casta
500 623 600 694 metu,
622 617 677 676 sed
699 622 803 676 mente
823 612 927 674 fideli:
1096 621 1129 675 75

176 708 302 768 Mutuus
323 704 443 765 absenti
463 708 497 761 te
517 701 591 761 milti
611 708 714 760 servet
735 718 827 760 amor.

134 793 194 868 At,
218 808 297 870 qnae
317 784 380 845 lida
399 786 459 844 fult
477 783 569 860 nulli,
591 792 664 864 post
680 785 759 844 vieta
780 787 906 844 senecta

179 876 272 935 Ducit
289 873 378 948 inops
400 867 529 929 tremula
546 871 674 934 stamina
695 876 777 929 torta
794 885 883 926 manu
931 863 934 869 ’

134 960 300 1035 Firmaque
322 951 479 1014 conductis
502 951 638 1014 adnectit
656 951 727 1012 li'cia
744 950 817 1012 telis

179 1043 354 1116 Tractaque
376 1035 414 1097 de
435 1037 527 1096 niueo
546 1036 663 1097 vellere
683 1036 776 1096 deute
796 1041 891 1114 putat.
1097 1041 1132 1094 80

137 1127 226 1188 Hanc
248 1123 344 1182 auimo
367 1119 520 1198 gaudente
542 1120 649 1180 vident
669 1123 872 1198 iuvenumque
894 1124 1035 1178 catervae

182 1209 425 1269 commemorant
437 1207 558 1264 merito
579 1212 628 1266 tot
648 1205 725 1266 mala
746 1203 832 1263 ferre
853 1197 974 1278 senem,

139 1292 226 1353 Hanc
246 1291 352 1352 Venus
373 1307 411 1348 ex
430 1287 494 1347 alto
516 1289 643 1349 flentem
665 1287 801 1348 sublimio
823 1286 953 1364 Olympo

180 1375 305 1455 Spectat
327 1382 361 1432 et
381 1370 484 1430 infidis
507 1390 596 1448 quam
618 1373 659 1431 rit
678 1371 787 1430 acerba
808 1379 921 1428 monet.

137 1460 221 1521 Haec
241 1455 309 1517 aliis
331 1452 494 1514 maledicta
517 1453 641 1514 cadant:
662 1473 735 1530 uos,
756 1451 861 1530 Delia,
883 1453 994 1512 amoris
1098 1461 1131 1514 85

178 1539 360 1620 Exemplum
382 1556 456 1596 cana
478 1537 572 1598 simus
594 1546 724 1616 uterque
746 1555 839 1596 coma.
877 1568 879 1574 ν

533 1661 742 1677 m·—

601 1750 676 1817 VII.

139 1845 232 1938 Hunc
254 1878 397 1937 cecinere
419 1873 500 1935 diem
522 1875 637 1936 Parcae
655 1875 762 1935 fatalia
782 1881 893 1936 nentes

181 1962 315 2022 Stamina
334 1979 395 2019 non
414 1958 472 2019 ulli
494 1958 690 2020 dissoluenda
711 1959 789 2036 de03

137 2047 227 2106 Hunc
248 2046 334 2122 fore,
355 2044 525 2120 Aquitanas
546 2052 653 2125 poscet
676 2045 728 2122 qni
749 2043 881 2104 fundere
903 2048 1028 2122 gentes,

180 2130 277 2205 Quem
298 2135 451 2189 tremeret
471 2128 547 2188 forti
566 2127 664 2187 milite
685 2129 783 2187 victus
803 2130 890 2189 Atax.

60 2251 67 2266 ·
137 2213 295 2273 Evenere:
317 2229 411 2272 novos
432 2215 529 2290 pubes
551 2212 685 2270 Romana
704 2212 875 2290 triumphos
1117 2219 1132 2270 5

180 2292 269 2355 Vidit
291 2300 324 2354 et
344 2296 481 2354 evinctos
504 2295 629 2353 brachia
649 2299 737 2372 capta
758 2292 866 2353 duces:

36 2457 45 2466 ·
142 2379 182 2440 At
201 2383 234 2450 te
254 2379 397 2440 victrices
418 2374 538 2454 lauros,
555 2375 713 2454 Messala,
733 2383 892 2456 gerentem

182 2463 327 2523 Portabat
348 2463 447 2530 niveis
467 2481 575 2522 currus
597 2463 730 2521 eburnus
752 2461 849 2539 equis.

140 2547 210 2608 Non
231 2547 298 2606 sine
319 2546 436 2605 me'est
458 2547 517 2605 tibi
537 2551 642 2626 partus
663 2545 776 2604 honos:
798 2541 945 2605 Tarbella
965 2545 1086 2624 Pyrene

183 2631 289 2690 'lestis
310 2635 343 2689 et
363 2629 477 2689 Oceani
498 2629 590 2694 litora
607 2629 784 2704 Santonici,
1083 2639 1134 2709 x10

141 2715 246 2776 'Pestis
267 2714 347 2773 Arar
367 2712 593 2792 Rhodanusque
615 2712 700 2774 celer
721 2728 907 2792 magnosque
926 2711 1095 2788 Garumna,

184 2798 313 2860 carnoti
336 2803 369 2856 et
387 2796 457 2856 flavi
479 2798 600 2858 caerula
621 2795 745 2877 lympha
765 2797 868 2875 Liger.

141 2885 189 2946 Au
211 2889 258 2960 te,
281 2880 406 2962 Cydne,
428 2898 548 2958 cauam,
571 2882 672 2942 tacitis
695 2883 748 2960 qni
769 2879 886 2940 leniter
906 2878 997 2940 undis

184 2964 353 3028 Caeruleus
374 2962 506 3045 placidio
526 2983 584 3045 per
603 2962 679 3024 rada
699 2968 799 3045 serpis
821 2965 923 3043 aquis,

143 3048 278 3125 Quantus
297 3056 330 3116 et
349 3049 489 3109 aetherio
511 3049 692 3125 contingens
711 3050 829 3109 vertice
851 3049 948 3112 nubes
1104 3057 1134 3108 15

109 3176 114 3181 ,
184 3133 327 3212 Frigidus
347 3134 487 3194 intonans
509 3132 635 3192 Taurus
651 3130 713 3192 alat
734 3131 870 3194 Cilicasl

144 3214 224 3291 Quid
244 3217 394 3294 aeleram,
415 3223 456 3276 ut
470 3213 582 3276 volitet
601 3217 726 3276 crebrae
747 3217 862 3276 intacta
882 3231 938 3294 per
960 3216 1052 3274 urbes

184 3299 262 3358 Alba
280 3299 453 3361 Palaestino
476 3306 579 3367 sancta
596 3298 740 3360 colurnba
760 3300 855 3379 Syro,

142 3383 248 3460 thue
268 3385 359 3444 marie
379 3389 494 3444 vastum
515 3389 695 3464 prospectet
715 3385 851 3444 turribus
873 3399 988 3458 aequor

185 3467 288 3528 Prima
307 3473 404 3527 ratem
425 3469 525 3530 ventis
548 3467 678 3530 eredere
698 3465 789 3528 docta
808 3455 925 3542 lycos,
1102 3472 1137 3524 20
