2534 3942
469 143 613 206 TlBULLl
635 145 703 243 LlB.
720 147 742 208 l.
758 157 784 212 3.

175 314 306 394 Insignis
326 314 417 374 turba
436 312 549 375 debeat
569 313 602 372 in
621 312 742 380 Pharia.
826 315 904 398 A?

133 399 177 459 Aa
197 400 272 459 milri
291 399 449 476 contingat
467 398 584 478 patrios
606 397 765 461 celebrare
785 398 919 460 Penates

156 482 381 562 'Reddereque
404 484 528 560 antiquo
549 489 705 544 menstrua
726 489 795 544 tura
815 481 896 548 Lari.
904 517 950 564 ,pa

134 567 230 644 Quam
252 568 332 629 bene
353 565 485 626 Saturno
507 567 648 629 vivebant
665 586 741 645 rege
761 567 846 648 prius
869 586 976 647 quam
1095 578 1130 634 35

176 651 316 712 Tellus
307 670 339 712 ιιι
360 649 468 729 longas
490 656 539 712 est
558 650 712 729 patefacta
733 652 810 712 vias!

132 734 274 797 Nondum
296 732 453 795 caeruleas
472 735 564 814 pinus
586 743 812 838 contempserat
832 729 945 812 undas,

175 821 314 882 Effusum
335 819 435 879 ventis
456 819 702 898 praebueratque
724 821 838 898 sinum,

132 903 197 965 Nec
217 923 309 982 vagas
330 904 443 981 ignotis
463 908 608 982 repetens
631 903 802 984 conpendia
823 904 917 965 terris

171 988 335 1049 Presserat
358 996 484 1048 externa
501 988 603 1052 navita
621 1007 725 1049 meroe
742 995 850 1062 ratem.
954 1053 955 1060 ι
1094 1000 1129 1052 ιιι

131 1071 190 1134 Illo
211 1081 274 1132 riou
295 1070 415 1132 validus
433 1073 527 1132 subiit
547 1073 619 1150 iuga
637 1077 778 1152 tempore
796 1080 918 1152 taurus,

90 1201 99 1231 ,
173 1156 243 1218 Non
263 1156 377 1216 domito
398 1155 522 1217 fraenos
545 1175 599 1216 ore
618 1155 783 1218 momordit
803 1177 915 1260 equus,

109 1241 200 1302 .Non
221 1240 326 1302 domus
347 1238 412 1300 ulla
428 1240 514 1303 iores
535 1241 656 1318 habuit,
675 1260 737 1300 non
756 1243 862 1302 finus
853 1261 885 1303 an
907 1242 1013 1322 agris,

174 1325 232 1402 Qui
253 1331 380 1402 regeret
400 1327 494 1385 certis
515 1325 628 1406 finibus
651 1344 737 1402 arva,
757 1323 844 1405 lapis.

131 1409 217 1490 Ipsae
238 1408 332 1470 mella
352 1407 466 1468 dabant
480 1426 636 1486 quereus,
658 1406 804 1488 ultroque
822 1409 966 1470 ferebant
1092 1419 1127 1474 ts

172 1492 268 1554 Obvia
287 1491 405 1553 securis
426 1493 523 1556 ubera
541 1489 632 1552 laetis
653 1510 735 1552 oves

129 1577 198 1637 Non
219 1578 317 1656 acies,
338 1594 401 1636 non
421 1577 469 1636 ira
488 1575 564 1654 luit,
585 1595 646 1638 non
667 1574 767 1656 bella,
788 1595 847 1638 nec
869 1593 974 1638 ensem

170 1660 273 1722 Inmiti
293 1679 399 1722 saevus
420 1659 548 1723 duxerat
568 1667 634 1722 arte
655 1660 753 1726 faber.
848 1683 849 1688 ¹

128 1745 334 1807 dolorosas
358 1744 480 1806 domino
502 1742 622 1810 caedes
634 1751 667 1806 et
688 1744 815 1808 vulnera
835 1764 972 1827 semper,

169 1831 257 1890 Nunc
275 1849 375 1907 mare,
396 1849 476 1890 nunc
497 1825 555 1890 leti
575 1829 662 1892 mille
682 1837 815 1910 repente
834 1831 911 1892 viae.
1091 1841 1126 1893 50

127 1915 240 1992 Parce,
261 1921 360 1994 pater.
373 1913 521 1980 timidum
540 1934 602 1975 uon
623 1933 672 1976 me
692 1915 830 1996 periuria
847 1921 987 1994 terrent,

169 1999 236 2059 Non
259 1997 369 2059 dicta
359 2017 392 2058 ιιι
413 2003 535 2061 sanctos
556 2000 649 2080 impia
669 2001 764 2060 verba
784 1998 865 2060 deos

127 2082 262 2161 Quod
238 2102 264 2142 ιι
281 2083 420 2145 fatales
410 2102 470 2144 sam
490 2101 571 2144 nunc
593 2082 780 2164 explevimus
800 2103 912 2162 anuos,

168 2167 230 2228 Fac
251 2165 331 2246 lapis
352 2168 495 2247 incriptis
516 2173 578 2226 stet
599 2187 693 2248 super
714 2187 783 2228 ossa
803 2169 902 2228 notis:

127 2251 205 2311 Hie
225 2251 308 2310 iacet
326 2251 428 2312 inmiti
451 2258 646 2329 consumptus
666 2258 768 2312 morte
790 2247 951 2368 Tibullus,
996 2301 999 2304 .
1089 2261 1123 2314 55
1155 2283 1160 2298 ·

168 2333 333 2395 Messalam
351 2340 437 2394 terra
459 2331 530 2393 dum
552 2335 752 2412 sequiturque
773 2335 873 2393 mari’

127 2416 190 2478 Sed
210 2436 275 2493 me,
297 2418 402 2496 quod
401 2416 501 2494 facilis
523 2422 633 2479 tenero
655 2438 720 2478 sum
742 2436 865 2497 semper
886 2403 1008 2497 Amori,

167 2502 236 2583 Ipsa
257 2502 361 2564 Venus
382 2521 504 2583 campos
523 2501 644 2562 ducet
635 2522 666 2564 ιιι
688 2501 820 2588 Elysios

125 2586 186 2647 Hie
208 2587 341 2646 choreae
362 2595 529 2687 cautusque
551 2587 672 2665 vigent,
693 2587 867 2667 passimque
889 2593 1032 2666 vagantes

69 2677 72 2684 '
168 2669 264 2730 Dulce
287 2679 397 2732 sonant
416 2672 503 2730 tenui
524 2679 648 2750 gutture
670 2689 794 2732 carmen
815 2689 901 2750 aves,
1088 2679 1123 2734 60

125 2755 202 2816 Fert
224 2756 334 2814 casiam
354 2773 415 2814 non
434 2753 516 2824 culta
537 2775 642 2835 seges,
664 2762 809 2834 totosque
828 2773 886 2835 per
907 2773 996 2833 agros

167 2838 278 2900 Floret
299 2837 436 2899 odoratis
458 2844 543 2898 terra
563 2842 695 2919 benigna
715 2841 812 2901 rosis.
914 2863 917 2868 ¹

125 2924 171 2983 Ac
191 2925 332 2985 iuvenum
352 2925 452 2985 series
474 2925 592 2984 teneris
613 2925 740 2986 inmixta
761 2921 875 3003 puellis

166 3006 276 3086 Ludit,
298 3015 331 3068 et
351 3006 472 3069 assidue
493 3007 610 3088 praelia
631 3009 740 3068 miscet
760 3009 864 3068 Amor.
1130 3061 1131 3066 ,
1214 3079 1219 3084 p

125 3087 194 3151 Illic
216 3099 279 3170 eat,
300 3093 470 3172 cuicunque
488 3111 581 3171 rapax
600 3109 683 3152 mors
702 3093 787 3154 veuit
808 3092 936 3168 amanti,
1087 3099 1121 3154 65

167 3176 209 3236 Et
230 3177 311 3254 gerit
330 3178 443 3255 insigni
465 3182 585 3254 myrtea
604 3183 689 3236 serta
710 3195 804 3237 coma.
852 3229 854 3232 .

125 3259 168 3320 nt
187 3257 337 3320 scelerata
354 3262 436 3321 iacet
456 3259 577 3320 sedes
567 3279 600 3320 m
621 3265 712 3320 noete
730 3257 934 3362 profunda

167 3342 298 3421 Abdita,
317 3363 405 3423 quam
427 3345 541 3405 circum
562 3344 686 3404 flumina
707 3345 794 3422 nigra
817 3348 943 3402 sonanta

126 3425 357 3509 Tisiphoneque
378 3429 498 3510 impexa
518 3429 604 3490 leros
623 3444 681 3510 pro
703 3428 839 3488 crinibus
861 3441 975 3504 angues
