2534 3942
122 197 160 259 12
464 194 608 258 vunnu
629 195 696 256 uu.
712 195 735 257 1.
750 147 791 259 s(
901 203 919 276 ,·

121 365 220 444 Saepe
239 384 296 445 ego
318 367 434 427 tentavi
454 385 542 425 curas
562 363 723 444 depellere
743 365 831 425 vino:

161 451 203 510 At
224 448 315 510 dolor
334 451 367 510 in
388 448 530 510 lacrimas
551 454 689 510 verterat
710 468 800 510 omne
820 467 947 509 merum.

119 532 219 613 Saepe
239 534 330 595 tilam
351 536 452 596 tenni:
473 532 530 594 sed
551 534 610 593 iam
633 553 699 594 oum
721 533 829 613 gaudia
850 533 983 613 adirem,

161 617 327 677 Admonuit
349 619 490 678 dominae
511 617 710 696 deseruitque
728 619 843 680 Venus.
1079 629 1115 682 40

118 701 207 762 'luno
228 721 277 763 me
297 700 461 762 discedens
479 701 621 762 devotum
642 703 756 763 femina
777 702 870 779 dixit,

78 833 81 838 .
159 787 201 846 lot
220 786 318 866 pudet
337 793 371 847 et
388 793 493 847 narrat
512 787 593 846 seire
614 786 746 846 nefanda
765 804 872 848 meam.

115 868 185 929 Non
206 871 281 931 facit
301 872 360 932 hoo
381 872 500 947 verbis,
521 871 601 930 laoie
622 873 801 949 tenerisque
817 869 944 932 lacertis

160 954 296 1014 Devovet
318 962 351 1014 et
371 956 457 1015 flavis
478 962 583 1014 nostra
604 953 708 1034 puella
730 955 833 1016 cornis.

117 1036 203 1099 Talis
225 1038 264 1098 ad
285 1039 486 1098 Haemonium
507 1039 616 1100 Nereis
638 1037 734 1098 Pelea
756 1037 907 1118 quondam
1079 1051 1112 1104 45

114 1167 120 1178 ,
146 1122 255 1188 ,Vecta
278 1127 327 1184 ert
346 1123 486 1186 iraenato
509 1122 633 1184 oaernla
654 1125 739 1203 pisce
762 1123 883 1184 Thetis.

115 1206 201 1266 llaec
222 1225 359 1276 nocuere
381 1208 472 1285 inihi,
495 1207 576 1286 quod
598 1207 686 1268 adest
707 1207 777 1267 huie
799 1207 885 1267 dives
906 1215 1036 1270 amatore

157 1291 253 1352 Venit
274 1292 306 1351 in
328 1291 453 1351 exitium
474 1290 586 1352 callida
607 1289 678 1352 lena
699 1310 808 1353 meum.

117 1373 305 1452 Sanguineas
328 1374 401 1435 edat
420 1375 475 1436 illa
497 1375 591 1456 dapes
612 1385 705 1454 atque
727 1393 782 1435 ore
802 1381 931 1436 cruento
1059 1433 1062 1440 ,
1134 1423 1137 1430 .

159 1458 278 1520 Tristia
300 1479 368 1520 enm
388 1461 484 1520 multo
503 1459 615 1540 poeula
634 1459 711 1521 felle
731 1461 832 1520 bibat:
1053 1472 1112 1524 ·50

114 1542 203 1603 Hane
225 1542 355 1604 volitent
375 1545 492 1605 animae
514 1544 628 1606 circum
645 1563 699 1604 sna
720 1545 783 1606 iata
804 1550 972 1623 querentes

158 1626 305 1708 Semper,
328 1634 362 1688 et
379 1646 398 1687 e
417 1629 510 1690 tertis
530 1631 606 1690 strix
627 1627 763 1689 violenta
784 1637 887 1689 cauata

114 1710 183 1792 lpas
199 1713 281 1771 fame
302 1709 480 1772 stimulante
501 1703 608 1772 furens
629 1713 804 1792 herbasque
825 1709 979 1793 sepulcris

158 1795 292 1871 Quaerat
312 1802 345 1855 et
366 1815 383 1856 a
402 1797 498 1856 saevis
520 1815 588 1856 ossa
606 1796 717 1856 relicta
737 1795 834 1877 lupis,

118 1879 231 1940 Currat
252 1885 285 1940 et
305 1879 480 1959 inguinibus
500 1878 590 1939 undis
611 1879 770 1960 ululetque
784 1897 848 1961 per
867 1881 977 1961 urbes,

159 1962 235 2024 Post
256 1971 326 2042 agat
347 1983 365 2024 e
385 1965 484 2023 triviis
505 1981 614 2043 aspera
635 1966 725 2025 turba
747 1983 863 2025 canum.

114 2047 283 2110 Evenient:
305 2047 358 2108 dat
377 2043 462 2126 sigua
484 2047 576 2107 dens:
598 2056 669 2108 sunt
690 2050 813 2108 numina
834 2047 962 2129 amanti,

158 2132 261 2192 Saevit
282 2140 316 2192 et
337 2134 450 2192 iniusta
470 2131 542 2210 lege
561 2132 672 2193 relicta
691 2133 808 2196 Venus.

113 2216 156 2276 At
176 2224 210 2277 tn
232 2217 469 2297 quamprimum
489 2235 580 2294 sagae
600 2224 767 2298 praecepta
786 2218 906 2297 rapaels
1095 2278 1099 2282 .

157 2300 291 2362 Desere:
312 2321 382 2360 narn
405 2299 494 2362 donis
513 2304 646 2362 vincitur
668 2303 765 2362 omnis
786 2321 880 2363 amor.
1076 2312 1111 2366 60

90 2381 93 2389 '
115 2382 237 2472 Pauper
257 2386 317 2444 erit
337 2391 481 2465 praesto,
502 2386 561 2445 tibi
581 2393 706 2467 praesto
727 2403 845 2466 pauper
865 2383 965 2446 adibit

155 2466 276 2528 Primus
298 2475 331 2529 et
350 2469 383 2529 in
403 2477 513 2530 tenero
534 2469 610 2531 fixus
632 2473 694 2531 erit
713 2469 830 2546 latere,

114 2550 236 2634 Pauper
256 2554 288 2610 in
310 2563 436 2630 augusto
455 2554 534 2614 lidus
555 2572 659 2615 eomes
681 2555 799 2632 agmine
819 2553 930 2614 turbae

157 2635 369 2714 Sublicietqne
392 2654 497 2696 manua
519 2639 697 2716 eilieietque
718 2639 812 2715 vlam,

113 2718 236 2800 Pauper
257 2718 295 2780 ad
317 2718 454 2780 occultos
476 2720 582 2780 furtim
604 2721 738 2781 deducet
759 2722 871 2780 amieos
1073 2729 1109 2784 65

155 2803 327 2883 Vinclaque
347 2803 386 2864 de
405 2806 495 2864 niveo
518 2801 662 2865 detrahet
683 2806 750 2885 ipse
772 2805 863 2888 pede.
928 2829 949 2892 χ

112 2887 183 2948 Heu
205 2891 338 2948 canimus
358 2889 490 2966 frustra,
512 2908 570 2950 neo
589 2890 691 2950 verbis
711 2892 791 2951 victa
810 2889 943 2971 patescit
1016 2917 1018 2924 ·
1068 2901 1074 2918 ·

154 2972 269 3050 lanua,
291 2971 347 3032 sed
368 2970 462 3052 plena
482 2980 532 3034 est
551 2973 754 3055 percutienda
773 2993 872 3036 manu.

113 3055 156 3117 At
175 3064 225 3134 tu,
248 3057 300 3136 qui
318 3057 422 3136 potior
442 3076 523 3118 nune
544 3077 595 3136 es,
617 3077 685 3120 mea
706 3062 769 3120 fata
789 3061 914 3118 timeto:

157 3139 308 3201 Versatur
328 3139 425 3200 celeri
448 3141 527 3202 Fora
546 3139 624 3217 levis
647 3145 723 3204 orbe
742 3151 837 3203 rotae.
1036 3161 1038 3164 ·
1075 3151 1110 3206 io

112 3221 181 3284 Non
202 3224 319 3284 frustra
341 3223 463 3304 qnidam
481 3227 541 3288 iarn
562 3247 643 3288 nuno
663 3225 696 3288 ln
715 3227 821 3288 limine
842 3231 962 3305 perstat
995 3252 1009 3279 κ

142 3306 288 3368 'Sedulus
308 3328 343 3370 ao
366 3311 477 3372 erebro
496 3315 648 3394 prospicit
668 3331 703 3371 ae
721 3312 852 3390 refugit,

113 3391 155 3452 Et
176 3389 454 3454 simulattransire
475 3394 615 3474 domum,
636 3413 705 3455 mor
726 3393 840 3454 deinde
861 3393 996 3457 recurrit

156 3475 246 3536 Solus
263 3483 297 3536 et
318 3485 391 3538 ante
410 3479 491 3559 ipsas
511 3487 637 3542 exerent
657 3497 755 3558 usqne
776 3479 870 3537 fores.
