2534 3942
269 191 412 254 ιιιιιιιιι
433 191 635 275 paduani)
658 195 726 257 ιιι.
743 197 793 260 ιιι.
809 211 835 264 ι.
852 211 878 266 a.

589 395 636 466 Π.

120 479 182 586 Qui
203 509 319 593 primus'
339 532 440 592 eararq
459 512 563 576 iuveni
583 532 747 594 earumque
767 513 890 597 puellae

160 597 282 678 Eripuit
301 597 602 676 iuvenem‚'ierreur
623 596 679 658 ille
701 600 769 660 fuit.

118 683 219 746 Durus
240 688 273 742 et
291 679 348 742 ille
369 683 444 760 fuit,
466 683 518 760 qui
538 689 656 742 tantum
676 682 763 745 ferre
784 681 943 764 dolorem,

161 766 275 830 Vivere
297 773 330 827 et
350 772 459 845 erepta
480 767 608 844 coniuge
631 767 684 845 qui
704 768 814 847 potuit
941 809 947 824 .
982 808 986 816 -

117 851 187 914 Nou
206 868 263 927 ego
282 849 387 909 firmus
407 849 440 908 in
461 849 536 927 hoa,
548 868 619 910 non
639 851 715 910 haee
736 852 884 930 patientia
903 859 1009 917 uoatro

90 971 92 979 ι
162 934 304 1013 ingenio:
324 933 440 1011 frangit
457 934 550 993 fortia
569 932 663 994 eorda
684 933 790 995 dolore
811 994 819 1016 0

118 1018 184 1081 Nee
206 1015 281 1076 mihi
302 1036 375 1077 vera
395 1015 480 1096 loqui
501 1017 602 1098 pudor
623 1024 672 1080 est
693 1020 835 1098 vitaeque
856 1020 949 1083 fateri

162 1101 226 1163 Tot
245 1098 322 1162 mala
341 1118 508 1182 perpeaaae
526 1100 627 1162 taedia
647 1109 718 1163 nata
738 1122 834 1167 meae.

120 1186 204 1264 Ergo
226 1204 293 1244 eum
313 1193 438 1245 tenuem
457 1186 548 1246 fuero
567 1192 699 1246 mutatur
720 1189 753 1247 in
775 1189 911 1249 umbram

166 1267 362 1346 Candidaque
381 1285 457 1330 osaa'
473 1287 565 1349 nuper
586 1271 675 1348 nigra
694 1269 799 1331 favilla
818 1275 921 1353 teget,
949 1327 952 1332 .

121 1353 202 1414 Ante
222 1371 322 1412 meum
342 1354 446 1432 veniat
465 1352 574 1432 longos
594 1353 748 1433 incompta
768 1353 898 1434 capillos

160 1436 202 1498 Et
221 1437 295 1497 fleat
314 1443 387 1496 ante
409 1455 508 1498 meum
529 1443 644 1498 maesta
665 1437 785 1498 Neaera
804 1457 921 1517 rogum.

121 1519 183 1582 Sed
204 1521 306 1580 veniat
328 1539 416 1581 carae
437 1522 543 1582 matria
561 1521 703 1581 comitata
722 1519 848 1582 dolore:

161 1604 302 1665 Maereat
322 1605 399 1667 haec
420 1623 552 1684 genero,
573 1611 710 1666 maereat
728 1603 783 1664 illa
803 1605 878 1666 viro.

119 1687 280 1750 Praefatae
304 1694 374 1748 ante
394 1707 479 1750 meaa
500 1689 609 1750 Manen
631 1690 820 1768 animamque
840 1695 984 1770 preoetae

161 1771 372 1850 Periuaaeque
392 1774 458 1853 piaa
480 1778 550 1834 ante
570 1772 693 1852 liquore
712 1792 834 1852 manua,

119 1852 196 1916 Para
216 1874 292 1935 quae
313 1856 378 1917 aola
398 1858 459 1918 mei
476 1858 634 1937 superabit
655 1858 811 1938 eorporis,
833 1875 903 1918 oaaa

161 1937 314 2000 incinctae
335 1941 423 2020 nigra
445 1940 573 2002 eandida
594 1948 679 2002 reate
700 1939 822 2019 legent,

119 2021 160 2084 Et
180 2025 309 2104 primum
329 2044 444 2086 annoso
465 2035 610 2105 spargent
630 2023 763 2086 collecta
779 2024 899 2104 Lyaeo,

161 2107 244 2184 Mon¹
259 2109 351 2170 etiam
372 2111 461 2169 niveo
473 2108 614 2170 *fundere
634 2107 716 2169 lacte
734 2115 861 2187 parent,

965 1986 968 1996 Δ
993 1911 1010 1961 ὖ

9 2277 11 2282 Ι
120 2190 196 2250 Port
216 2190 294 2251 haee
316 2193 469 2252 carbaseis
490 2193 649 2253 humorem
668 2190 781 2252 tollere
801 2191 878 2252 velia
940 2201 942 2206 ’

162 2271 264 2350 Atque
285 2273 318 2336 in
337 2292 506 2335 marmorea
527 2293 644 2354 ponere
665 2277 745 2336 nicea
766 2274 866 2340 domo.

121 2352 190 2415 lllio
212 2375 284 2433 quaa
305 2358 401 2417 mittit
421 2356 507 2418 diver
525 2359 678 2419 Panchaia
698 2375 818 2418 meroen
856 2411 861 2423 .

9 2443 11 2458 '
162 2438 282 2518 Eoique
303 2440 441 2520 Arabes,
458 2443 580 2522 pinguia
600 2448 633 2502 et
654 2442 817 2520 Assyria,-

120 2521 163 2584 at
182 2525 281 2584 nostri
301 2543 453 2588 memores
473 2524 618 2587 lacrimae
639 2523 807 2584 fundantur
828 2523 952 2588 eoduma

164 2604 216 2666 Sio
234 2625 290 2686 ego
313 2611 454 2689 componi
472 2628 579 2672 veraur
599 2610 632 2670 in
652 2627 721 2669 orna
739 2605 843 2668 velim.

122 2687 186 2750 Sed
204 2691 325 2751 triatem
345 2695 453 2754 mortis
475 2693 666 2754 demonstret
685 2691 793 2752 littera
814 2712 933 2754 oausam

162 2773 265 2853 Atque
287 2776 363 2835 haec
383 2777 415 2838 iu
437 2776 555 2840 celebri
575 2778 708 2839 earmina
730 2776 834 2838 fronte
854 2783 951 2839 notet.

91 2885 97 2896 ,
123 2855 313 2936 ‘Lygdamus
333 2859 385 2919 hic
405 2860 481 2920 ritu·
501 2867 566 2921 eat:
588 2859 679 2921 dolor
699 2860 771 2920 huie
793 2866 827 2920 et
847 2879 920 2922 eura
940 2860 1094 2938 Neaerae,

136 2971 144 2988 ν
164 2941 310 3024 Coniugia
330 2950 475 3026 ereptae,
496 2963 584 3004 aauaa
601 2945 706 3024 perire
727 2943 807 3006 init?

499 3149 501 3152 ’
579 3157 643 3224 ΠΙ.

124 3237 209 3344 (inid
228 3271 355 3354 prodeat
376 3273 492 3336 eaelum
513 3275 591 3335 votis
613 3273 774 3354 impieque,
793 3275 928 3352 Neaera,

164 3354 325 3436 Multaque
346 3379 413 3421 oum
434 3356 546 3420 blanda
565 3363 635 3418 tura
656 3356 779 3419 dedine
799 3377 907 3439 prere,

122 3441 190 3504 Non
210 3445 245 3502 ut
260 3444 422 3504 marmorei
441 3441 600 3526 prodirem
622 3458 640 3502 e
659 3441 764 3502 limine
785 3444 876 3520 tecti,

1072 202 1111 264 37

1095 868 1112 921 5

1079 2540 1111 2592 25

1076 2951 1111 3008 30
